2676 4748
1123 240 1131 272 l

500 243 585 396 cap.
606 304 663 376 21.
681 304 740 377 aa.
934 265 935 277 '
981 266 983 275 ⁴
1113 307 1160 375 m

78 489 178 560 condi
194 497 306 561 tamen
324 491 400 561 laus
413 496 467 572 est
484 491 520 560 iu
533 490 653 562 Laelio
666 491 847 564 illustrior.
888 490 1061 561 Atoratio
1072 489 1161 559 Lae·
1244 573 1246 583 Ι

78 583 119 647 lii
133 581 176 647 de
190 580 343 668 collegiis
357 604 423 648 uon
436 582 556 648 melior
569 604 669 668 quam
683 582 725 648 de
739 582 855 647 multis
870 603 968 668 quam
982 580 1159 649 voles'Sci·

79 668 210 757 pionis:
232 691 298 735 nou
313 691 380 754 quo
395 668 454 743 illa
470 668 581 734 Laelii
597 671 774 757 quiequam
791 670 837 734 sit
849 667 1002 749 durlcius,
1021 675 1079 733 aut
1092 689 1160 756 quo
1215 681 1219 688 '
1242 752 1243 757 ἵ

80 757 123 821 de
140 756 302 840 religione
318 756 385 821 dici
401 757 510 843 possit
523 758 718 841 augustius,
742 757 801 824 sed
814 757 920 822 multo
935 764 1046 822 tamen
1065 770 1161 821 vetu-

80 842 169 909 stior
190 850 225 909 ot
243 843 414 909 horridior
429 843 488 909 ille
502 865 600 930 quam
616 843 748 934 Scipio:
775 851 897 910 etcum
913 844 1029 909 sintin
1046 843 1161 909 dicen-

80 931 125 996 do
142 931 253 996 variae
267 932 473 1009 voluntates,
496 933 660 997 delectari
674 933 755 998 mihi
772 933 878 1018 magis
895 932 1095 1018 antiquitate
1110 930 1161 998 vi·

81 1017 183 1083 detur
194 1026 230 1083 et
242 1018 398 1084 lubenter
412 1017 521 1084 verbis
531 1019 632 1084 etiam
641 1021 693 1084 uti
707 1021 807 1106 paulo
824 1019 928 1102 magis
944 1017 1161 1107 priscisLae·

80 1107 162 1172 lius.
206 1107 262 1176 84.
291 1104 360 1173 Sed
379 1112 433 1171 est
452 1126 524 1172 mos
545 1107 732 1186 hominum,
755 1115 795 1171 ut
808 1108 915 1171 nolint
927 1106 1066 1170 eundem
1084 1107 1163 1191 plui

80 1192 178 1258 ribus
202 1193 303 1258 rebus
324 1194 497 1261 excellere.
539 1191 629 1260 Nam
645 1201 684 1259 ut
699 1216 737 1258 ex
753 1195 874 1260 belliea
887 1193 987 1258 laude
1009 1215 1045 1258 as
1071 1193 1161 1258 irare

27 1358 31 1362 Α
83 1279 126 1344 ad
141 1280 341 1346 Africanum
366 1301 462 1345 nemo
484 1286 613 1367 potest,
639 1283 673 1345 in
690 1304 756 1369 qua
771 1283 846 1371 ipsa
859 1217 1161 1366 egregiumi'iria-

83 1367 152 1432 tiro
168 1367 259 1433 bello
273 1367 460 1455 reperimus
473 1367 582 1453 fuisse
598 1365 771 1433 Laelium:
794 1371 842 1434 sic
859 1369 1002 1454 ingenii,
1027 1366 1166 1437 littera·

81 1475 177 1536 rum,
202 1455 430 1541 eloquentiae,
459 1455 644 1540 sapientiae
665 1455 825 1543 denique,
854 1458 921 1522 etsi
937 1457 1074 1541 utrique
1090 1455 1162 1543 pri·

84 1562 175 1622 mas,
204 1543 336 1630 priores
358 1552 468 1608 tamen
488 1541 633 1607 libenter
655 1541 811 1609 deferunt
827 1542 957 1612 Laelio.
1000 1565 1061 1608 nec
1078 1542 1162 1607 mihi
1186 1557 1191 1584 1‘

83 1638 273 1695 ceterorum
286 1628 413 1694 iudicio
427 1627 695 1711 communietur,
715 1631 775 1698 sed
791 1632 891 1695 etiam
908 1632 1058 1720 ipsorum
1072 1632 1163 1696 ictor

83 1717 178 1804 ipsos
193 1737 352 1805 concessu
367 1716 416 1783 ita
429 1716 592 1782 tributum
605 1716 724 1791 inisse.
767 1719 822 1789 85.
844 1715 929 1800 Erat
943 1719 1073 1784 omnino
1089 1726 1161 1783 tum

84 1812 223 1887 mos‚,ut
237 1804 271 1868 in
285 1805 426 1891 reliquis
440 1803 541 1871 rebus
555 1803 684 1885 melio'r,
703 1805 751 1870 sic
765 1806 799 1869 in
813 1805 874 1870 hoc
888 1806 962 1894 ipso
977 1806 1163 1886 humanior.

44 1958 46 1963 s
84 1899 124 1957 ut
142 1891 260 1956 faciles
281 1891 448 1956 cusentin
468 1912 565 1956 suum
581 1892 701 1981 cuique
715 1891 904 1986 tribuendp.
948 1892 1067 1961 XXII.
1090 1893 1163 1958 Me·

84 1978 189 2043 moria
214 1988 328 2060 teneo,
358 1977 521 2066 Smyrnae
544 2000 597 2045 me
618 2001 658 2045 ex
681 1978 722 2046 P.
746 1979 877 2051 Rutilio
899 1979 989 2069 liufo
1015 1977 1163 2061 audisse,

85 2089 159 2132 oum
174 2063 299 2134 diceret
312 2066 563 2136 adolescentulo
581 2087 619 2134 se
632 2067 807 2151 accidisse,
828 2074 867 2133 ut
882 2089 923 2136 ex
940 2067 1164 2136 senatuscon-

121 2281 229 2326 ntntant
243 2273 372 2341 estium,
388 2285 441 2324 uno
452 2275 545 2326 Lamo.
558 2273 720 2326 discedente.
754 2274 842 2335 surpra
857 2285 881 2323 c.
892 2266 933 2325 it.
950 2273 979 2324 in
991 2275 1053 2325 loco
1067 2273 1164 2328 simili:

119 2347 154 2393 ut
173 2345 386 2395 eairn'tomints
405 2345 566 2412 inpertiam,
588 2345 631 2394 cic
642 2341 747 2409 inpendi
760 2345 851 2408 ipsius
863 2345 957 2402 lumen
971 2348 1015 2396 est
1029 2347 1164 2413 cloquen-

124 2413 186 2478 tia,
205 2427 272 2464 alniis
288 2422 389 2464 tantiam
402 2410 471 2464 liber
483 2427 576 2464 veram
589 2413 731 2462 lectionem
746 2413 878 2462 servavit.

156 2483 189 2530 de
203 2482 325 2544 collegiis
339 2495 393 2531 non
405 2483 514 2540 melior]
539 2482 574 2533 de
589 2481 701 2546 collegis
714 2494 772 2530 acro
785 2483 830 2531 eat
842 2479 943 2530 metior
962 2479 1004 2529 cd.
1017 2494 1058 2544 pr.

157 2557 204 2599 ant
223 2553 287 2613 qrro]
313 2553 365 2601 out
385 2552 460 2616 quoti
479 2552 617 2600 eddavett.
632 2549 829 2607 lleusinaemm
846 2549 967 2623 plerique
981 2543 1073 2598 'secuti
1092 2558 1164 2600 sunt.

123 2619 294 2669 scribendum
310 2621 378 2669 enim
392 2629 449 2671 erat
463 2619 603 2681 utrobique
615 2619 672 2680 pari
687 2620 780 2684 modo,
798 2626 845 2669 cut
857 2631 951 2682 quo·
960 2630 1015 2682 quo
1028 2627 1076 2668 aut
1088 2620 1166 2684 quod

123 2690 252 2752 -quoct
288 2689 355 2748 Quid
367 2697 456 2739 aretem
468 2689 589 2754 intersit,
605 2689 698 2738 multis
711 2688 778 2736 locis
790 2687 895 2737 definiri
908 2686 1013 2749 nequit:
1030 2688 1067 2737 ci.
1077 2688 1168 2739 Ocho-⁹

121 2769 180 2806 ner.
195 2759 222 2806 in
237 2756 292 2806 Cic.
307 2759 444 2820 Eelog.p.
454 2759 498 2809 81.
534 2758 624 2807 Klotz.
637 2758 665 2807 in
681 2757 789 2806 TllSClll·
802 2757 844 2813 ll,
862 2759 904 2805 26.
923 2770 949 2817 p.
965 2754 1026 2807 255.

156 2825 198 2876 84.
232 2827 367 2877 Viriatico
388 2829 472 2885 bello]
495 2827 598 2878 viriati
612 2827 681 2884 telio
697 2827 878 2890 repperimus
902 2826 943 2876 cd.
958 2840 999 2887 pr.
1034 2825 1080 2884 [ld
1100 2810 1164 2886 pross
1238 2860 1240 2864 »
1269 2843 1270 2849 ’
1304 2830 1313 2848 i

123 2895 199 2945 bavit
217 2895 347 2958 Heusing.
367 2896 395 2946 in
413 2896 491 2946 offic.
509 2911 533 2956 p.
544 2900 588 2946 96.
613 2909 675 2947 nam
690 2895 829 2945 Virtotico
841 2902 981 2956 receperat
993 2894 1165 2944 limestiusc

125 2965 284 3027 quitusdam
304 2965 365 3016 edd.
383 2972 465 3013 vett:
491 2967 583 3026 Nuper
603 2967 742 3016 admodum
759 2966 840 3015 etiam
862 2964 1022 3016 Virtattioo
1043 2972 1165 3026 coeptum

55 3044 60 3060 ⁴
124 3041 168 3081 est
179 3033 285 3100 retingi,
304 3035 372 3094 qood
386 3033 488 3096 placuit
502 3035 571 3083 viris
584 3035 670 3084 doctis
684 3034 718 3084 ab
733 3035 823 3083 eodem
840 3035 967 3098 Heusing.
981 3028 1074 3094 pets.
1093 3033 1166 3084 alla·
1182 3079 1186 3086 .

56 3112 57 3119 ¹
122 3102 175 3162 tis,
192 3103 303 3152 favente
318 3104 452 3151 scribendi
465 3104 568 3154 ratione
580 3104 745 3156 Graecorum
761 3092 935 3170 Ulpiorum&
959 3101 1056 3154 Merito
1076 3109 1167 3155 taruco

123 3171 263 3221 dubitabat
275 3172 345 3220 Duk.
359 3172 387 3220 iu
401 3172 474 3221 Flor.
490 3186 516 3233 p.
530 3170 607 3233 449]

157 3239 202 3288 85.
236 3239 353 3290 insuam
366 3240 474 3302 carique]
497 3241 528 3291 iu
541 3242 586 3290 icto
599 3253 683 3291 suum
698 3241 739 3290 ed.
754 3251 794 3300 pr.

158 3307 188 3356 c.
202 3311 245 3358 22.
279 3311 431 3379 Smyrnae]=
441 3310 581 3361 Zrairnac
598 3313 640 3360 ed.
654 3324 694 3373 pr·
729 3310 784 3371 [lle
797 3319 851 3372 qua
863 3305 998 3359 scribendi
1012 3306 1124 3363 licentia
1137 3325 1166 3361 v.

125 3377 278 3430 weichert.
292 3378 323 3427 P.
335 3379 441 3439 Reliqu.
458 3394 482 3440 p.
497 3380 653 3438 lta-m

158 3447 281 3504 audisse]
306 3447 450 3496 audivisse
467 3450 509 3497 ed.
521 3461 562 3510 pr.

159 3515 291 3565 accidisse
358 3511 472 3577 Brutus]
491 3516 628 3568 occidisse
640 3514 707 3566 Ser.
720 3511 749 3562 0.
761 3511 793 3564 P.
804 3510 900 3577 Scipio
914 3513 944 3564 et
956 3512 991 3563 D.
1004 3512 1057 3563 Be.
1075 3515 1116 3564 ed.
1126 3502 1168 3578 p'r.
1266 3532 1268 3537 ⁸

64 3616 66 3620 ι
124 3584 271 3644 [Notabilis
297 3583 455 3653 depravatio
476 3588 629 3652 scripturae
647 3582 867 3674 compendiosae,
896 3584 965 3633 uude
983 3585 1081 3649 pendet
1098 3586 1168 3634 houd

140 3751 185 3804 83.
218 3753 379 3814 demulsis]
408 3754 506 3806 orator
524 3767 549 3806 c.
563 3756 610 3819 70,
704 3751 799 3804 variae
815 3752 984 3812 voluntates]
1006 3752 1089 3802 Aliud
1100 3750 1169 3803 alio-

89 3825 153 3874 2³3.
171 3821 229 3890 Ape
242 3837 322 3874 sume
339 3827 374 3875 de
392 3823 516 3875 Gracchi
532 3826 610 3890 opaci
650 3835 709 3874 rum
724 3835 808 3886 genus
822 3822 935 3871 dicendi.
972 3824 1041 3881 [Nos
1055 3821 1170 3871 aedon·
1248 3849 1250 3854 ·
1293 3834 1311 3885 ᾗ

88 3904 226 3944 censores
245 3894 337 3956 illud,
361 3893 379 3942 i.
399 3907 423 3943 e.
442 3895 475 3944 de
494 3893 610 3946 Gracchi
651 3894 708 3944 iren
730 3892 777 3941 vel
800 3890 993 3957 Ricttuupca.
1026 3890 1069 3940 Gi.
1088 3889 1171 3942 Plinii

51 3982 53 3985 ¹
89 3962 221 4012 oratioue.
259 3965 301 4013 De
316 3964 391 4015 Orat.
406 3963 463 4023 ill,
480 3961 530 4030 at,
548 3961 608 4014 141.
652 3954 909 4027 upp31,20‚12.]
1085 3965 1087 3972 ⁴

31 4038 36 4047 '
89 4043 210 4082 versum
232 4033 374 4096 quendam
396 4034 432 4082 de
448 4032 610 4084 Philocteta
702 4028 745 4079 85.
782 4029 823 4088 [in
841 4041 918 4077 suum
931 4025 1032 4089 ,cuique
1050 4025 1169 4080 tribuen-

87 4101 177 4166 pacio
197 4112 280 4152 secas
300 4103 389 4152 dicit.
424 4104 514 4159 [Adde
529 4102 610 4154 Beio-
651 4098 698 4157 do]
725 4097 872 4148 candorem
885 4095 1169 4158 illumacvisnperio-
1254 4106 1257 4118 .
1297 4077 1300 4084 ’

89 4182 151 4223 rum
162 4169 192 4220 iu
203 4169 251 4247 or.
266 4186 294 4236 p.
305 4172 375 4222 lull.
388 4168 447 4232 41]
555 4229 559 4243 1
650 4167 691 4223 ris
704 4167 796 4220 laudet
808 4166 889 4218 etiam
900 4164 1010 4218 'lacitus
1023 4165 1115 4232 Agric-
1128 4169 1169 4227 1.]
