2676 4748
525 278 612 411 Cap.
631 320 690 394 2⁰.
709 318 768 394 21.
855 429 858 439 s
1046 407 1048 419 1
1143 300 1192 397 66

101 502 231 579 caune
248 501 343 590 vivo,
363 503 424 594 qui
440 524 545 575 sonos
559 509 708 599 quinque
720 513 757 578 et
771 505 942 597 octoginta
955 510 1056 577 15161
1071 524 1186 595 51661-
1222 508 1223 514 ‘

88 597 150 686 'sit
165 617 184 662 e
199 594 289 675 vita,
316 615 394 660 oum
414 595 550 683 quidem
567 610 607 663 eo
623 598 699 686 ipso
716 618 802 664 anno
815 603 933 664 contra
949 592 1024 666 Ser.
1039 594 1184 666 Galbam
1198 591 1212 642 ἶ

101 681 146 750 ad
157 683 323 774 populum
334 704 464 748 summa
478 685 690 752 contentione
704 685 857 767 dixisset,
878 705 977 771 quam
991 684 1091 750 etiam
1108 703 1185 751 ora·

100 771 227 836 1161661
253 771 588 859 scriptamreliquit.
637 771 741 843 xxi.
776 776 833 843 81.
864 771 933 840 Sed
955 771 1031 838 viro
1053 768 1183 840 Catone

99 859 338 925 minoresnctu
353 860 452 925 multi
467 880 533 925 uno
540 867 692 947 tempore
701 868 852 927 oratores
864 861 1062 927 floruerunt.
1104 872 1184 927 nam

100 952 137 1012 at
148 946 197 1016 A.
211 946 381 1026 Albinus,
402 946 432 1010 is
451 946 509 1032 qni
527 945 655 1013 Graece
670 947 810 1034 scripsit
821 948 1009 1026 historiam,
1031 945 1091 1032 qui
1103 967 1184 1014 con·
1256 1019 1257 1023 ,
1322 1023 1324 1027 y

100 1035 159 1100 aul
173 1055 247 1099 cnm
262 1032 303 1100 L.
316 1031 462 1099 Lucullo
476 1035 557 1113 fuit,
586 1042 622 1100 at
635 1034 809 1110 litteratus
823 1043 859 1101 et
872 1032 1121 1115 disertusfuit:
1147 1037 1185 1099 61

99 1121 210 1186 tenuit
222 1142 297 1185 curn
311 1121 373 1185 boc
384 1122 494 1185 iocum
510 1119 674 1207 quendam
688 1123 790 1188 etiarn
807 1121 881 1190 Ser.
889 1118 1043 1200 Fulvius,
1066 1127 1102 1188 ct
1115 1119 1184 1187 una

100 1207 179 1279 Ser.
200 1206 328 1276 Fabius
341 1205 490 1290 Pictor,
506 1218 542 1275 et
559 1209 645 1276 iuris
659 1218 695 1276 et
708 1210 899 1278 litterarum
914 1218 950 1280 at
967 1207 1182 1299 antiquitatis
1281 1269 1288 1279 t

168 1383 201 1439 (t,
214 1387 257 1438 21.
270 1383 315 1438 81.
346 1383 407 1439 Ser·
424 1383 542 1446 nonius]
565 1385 598 1450 Q.
615 1384 720 1439 ratius
738 1386 780 1440 ed·
793 1398 836 1454 pr.

150 1554 464 1617 6611168616115611]
493 1554 526 1607 Ι..
546 1555 622 1607 Scri·
661 1569 714 1610 nas
734 1555 980 1612 61611616616661
1000 1550 1126 1618 scripsit:
1147 1551 1183 1607 ds

98 1626 196 1677 bonius
215 1624 283 1675 Libo
302 1625 425 1675 tribunus
443 1626 480 1688 pl.
499 1627 620 1688 rogatio·
662 1640 716 1689 qua
736 1629 845 1680 catonis
865 1627 994 1679 iudicium
1011 1625 1183 1678 celebrarunt

97 1707 160 1746 nem
173 1695 363 1759 promulgavit,
379 1701 410 1744 ut
424 1693 557 1758 Lusitani,
575 1694 620 1759 qui
661 1686 794 1765 Polybius
811 1696 867 1762 xl,
886 1699 912 1748 6.
946 1695 1107 1749 Plutarchus
1120 1692 1182 1745 Get·

97 1763 127 1815 in
146 1763 225 1814 iidem
247 1764 341 1827 popuii
358 1763 472 1814 Rotnani
494 1763 576 1813 dediti
600 1776 619 1818 a
662 1769 705 1820 12.
729 1773 757 1816 61
777 1765 880 1816 Gellius
899 1759 956 1834 xi,
973 1762 1000 1814 8.
1028 1763 1105 1815 Addo
1122 1760 1185 1814 cic:

98 1836 157 1885 661.
173 1833 262 1884 Galba
278 1839 402 1892 praetore
419 1833 448 1881 in
461 1832 552 1883 Gallia
566 1845 619 1883 ve·
660 1837 789 1887 Acadcm.
810 1836 855 1900 11,
877 1831 922 1885 45.
956 1833 1034 1885 iluna
1052 1830 1195 1884 Albinum.

96 1900 619 1967 1161611,111156111161116611116161,
659 1904 794 1962 Krausius
813 1896 914 1953 i'llstor.
933 1902 1042 1966 Fragm.
1070 1915 1098 1966 p.
1121 1900 1181 1952 127.

97 1980 151 2039 tur,
168 1983 281 2034 eamque
292 1973 329 2020 Μ.
336 1970 403 2022 Cato
415 1971 545 2021 acerrime
554 1985 619 2022 sua·
660 1987 720 2039 sqq.
742 1977 817 2026 16616
831 1981 885 2024 tam
900 1971 934 2022 ab
949 1983 996 2037 co,
1021 1969 1068 2035 qui
1082 1969 1180 2020 Latina

99 2042 136 2091 sit
153 2054 178 2092 a.
193 2041 254 2091 605.
288 2041 324 2088 V.
343 2035 617 2113 1111111111111111.
661 2056 887 2094 sermonererum
899 2044 1080 2093 Romanarum
1093 2039 1179 2089 libros
1278 2096 1286 2112 N

97 2112 238 2162 0161111.
258 2107 470 2172 Fragmpsa.
496 2111 617 2169 Eandem
660 2114 777 2179 annales
799 2112 915 2162 coniecit
947 2111 991 2170 (v.
1014 2108 1179 2160 Muslubium

98 2192 210 2230 causam
224 2180 314 2242 attigit
326 2179 422 2230 Cicero
434 2179 466 2239 do
480 2179 537 2229 Sar.
553 2181 618 2231 Sul·
659 2184 715 2240 Sat.
732 2183 768 2248 11,
782 2178 857 2247 46),
877 2193 955 2245 quem
967 2177 1080 2228 eundern
1091 2174 1187 2228 iuisst'

38 2295 40 2300 .
96 2249 169 2313 picio
183 2249 271 2300 Galba
294 2261 318 2299 6.
334 2251 377 2298 21.
397 2247 513 2297 tradens.
548 2248 616 2298 Pro·
660 2252 883 2303 clintonusllast.
897 2248 1031 2300 116603.
1044 2244 1203 2316 opinatur,¹

97 2319 213 2369 bernium
226 2317 335 2367 catonis
349 2330 383 2365 ex
398 2316 533 2378 Originum
547 2318 617 2368 libro
658 2335 738 2384 quam
747 2322 781 2372 ab
792 2332 823 2370 eo
837 2317 968 2384 distinxit,
982 2314 1178 2376 6116661611-

96 2389 212 2452 septimo
224 2387 357 2449 decerpsit
364 2385 468 2435 Gellius
480 2386 559 2452 Xlll,
572 2385 616 2437 24.
658 2403 691 2440 66
706 2390 824 2440 carmine
836 2388 992 2438 Priscianus
1005 2387 1035 2435 Τ.
1046 2386 1070 2435 Ι.
1081 2380 1177 2447 psas.
1209 2432 1212 2446 ,

109 2455 180 2519 2⁰·
195 2456 295 2507 2161.
340 2457 394 2506 sed
413 2455 479 2504 vivo
500 2454 615 2516 Catone]
658 2460 700 2508 cd.
713 2459 760 2509 Kr·
772 2459 952 2520 fragmentum
965 2453 1084 2519 rettulit,
1106 2453 1178 2516 quot

10 2571 14 2581 ,
96 2526 176 2577 llaec
200 2524 255 2574 tria
275 2524 360 2573 verba
383 2535 436 2574 non
458 2524 614 2590 addidisset,
656 2527 685 2577 in
705 2526 844 2588 triumphis
861 2523 980 2587 Pompeii
999 2522 1091 2585 Magni
1108 2534 1177 2571 ver.

96 2592 513 2656 1161111611566111111616616
528 2592 615 2653 etiam
658 2604 749 2648 sattrr:
772 2609 801 2645 r.
822 2594 932 2659 Pighius
949 2591 1049 2645 Anuai.
1072 2591 1102 2640 Τ.
1123 2586 1175 2640 111.

95 2667 161 2716 tum
180 2661 285 2712 Catone
310 2661 375 2712 6166
400 2663 614 2724 interposuisset.
654 2681 682 2730 p.
695 2661 755 2716 345.

82 2725 266 2792 diffluum.
283 2745 309 2792 p.
324 2731 385 2781 596.
408 2739 436 2780 et
452 2732 514 2780 vide
532 2745 556 2781 c.
569 2735 615 2799 37,
705 2737 764 2786 ser.
780 2730 910 2792 11111111]
935 2727 1048 2784 servitu
1060 2726 1176 2780 iluirius

63 2844 65 2849 .
95 2797 346 2866 140.6143,161.
389 2802 500 2861 [Nullus
515 2800 615 2865 siquid
656 2805 773 2858 Flaccus
787 2815 842 2853 cos.
857 2814 883 2863 a,
897 2802 958 2851 619.
1036 2812 1039 2817 ·
1103 2844 1106 2849 .

96 2871 175 2919 video
186 2872 262 2920 locus
270 2870 331 2918 hnic
339 2869 530 2920 observationi.
547 2873 614 2938 Sed,
706 2874 818 2924 Seruius
831 2870 932 2921 Fabius
940 2867 1043 2928 Pictor]
1061 2861 1175 2916 Servius

95 2941 146 2990 hoc
160 2947 218 3003 est,
235 2941 380 3004 ceterum,
402 2940 527 2990 indicium
547 2943 614 2992 iacit
636 2941 638 2945 ’
655 2942 733 2994 11166
755 2941 882 3002 1516516
899 2940 1020 3001 Pictore,
1045 2934 1174 2985 historico
1191 2976 1193 2981 ,

95 3008 227 3070 arationis
246 3010 280 3058 ad
300 3007 380 3056 finem
399 3010 545 3076 deductae,
570 3011 614 3061 cul
656 3009 975 3073 omniumantiqnissirno,
991 3005 1035 3068 qui
1047 3012 1108 3068 post
1121 3017 1173 3066 pu-

96 3079 221 3127 cumulus
261 3078 349 3127 uidam
374 3078 539 3128 accessionis
568 3082 615 3129 vel
656 3094 735 3144 gnam
749 3081 914 3130 Cannensem
928 3077 1047 3138 Delphos
1065 3075 1172 3137 legatus
1199 3122 1201 3129 ,

95 3090 277 3199 1661661651ἳί6
308 3148 462 3198 observatio
494 3157 614 3210 paratur.
656 3162 681 3201 a.
695 3152 754 3202 538.
768 3149 895 3209 mittitur,
912 3145 993 3207 probe
1007 3141 1174 3205 distingueri-

95 3215 335 3279 1116161111,
353 3220 402 3283 23,
420 3216 463 3268 58.
486 3219 614 3272 etdiser·
656 3221 722 3267 dus:
748 3219 800 3267 fuit
818 3224 906 3266 cutem
928 3219 1054 3275 qliaestor
1071 3210 1173 3262 a-599.
1276 3258 1277 3263 ,

94 3285 181 3336 tiores
201 3285 287 3335 'faciti
304 3286 380 3333 locos
400 3288 469 3334 Ann.
489 3287 544 3352 ili,
569 3290 612 3337 62.
656 3297 682 3337 61
710 3294 818 3349 praetor
844 3298 869 3334 a.
894 3285 955 3332 609.
994 3282 1039 3330 Ad
1060 3281 1173 3330 eundem
1219 3342 1223 3347 Ι

95 3354 153 3420 vi,
170 3355 197 3405 7.
223 3354 289 3403 ltem
303 3353 398 3403 Cicero
412 3368 472 3404 cnm
487 3357 614 3417 111511116-
655 3357 770 3407 arbitror
781 3356 868 3405 libros
881 3351 955 3402 iuris
967 3348 1108 3417 pontificii
1125 3361 1200 3398 re-,f

94 3436 141 3474 res
153 3423 322 3483 minoresque
340 3430 404 3472 natu
420 3426 612 3493 recensuisset,
653 3427 779 3476 terendos
803 3436 884 3486 esse,
922 3432 1032 3482 quorum
1056 3419 1172 3483 primum

94 3491 140 3555 qui
161 3505 220 3540 cunr
240 3491 342 3542 Catone
366 3492 472 3542 laudern
496 3495 613 3556 aliquam
653 3485 1171 3555 5166165611.111,2.,1611111518.

94 3559 237 3611 facundiae
258 3561 399 3625 tulissent,
424 3570 532 3623 praeter
551 3565 613 3613 illos
654 3563 919 3624 tertiumproieruut,
935 3558 1076 3620 exquibus
1089 3557 1172 3606 etiam
1213 3560 1216 3569 ’

84 3624 186 3681 *monet
198 3629 316 3679 iuniores
330 3630 465 3681 etiamtum
479 3634 545 3686 vivo
559 3633 614 3684 Ga·
654 3639 785 3692 sumptum
800 3638 871 3693 puto,
889 3630 958 3690 quod
971 3635 1013 3676 est
1027 3627 1172 3688 65151861·-

93 3707 157 3749 tone
175 3699 364 3769 haud‘paucos
386 3713 495 3749 numero
516 3703 613 3770 inisse,
653 3699 922 3761 virimintteorp.1,
939 3698 981 3747 21.
1003 3694 1107 3746 Fabius
1119 3693 1171 3742 Pi-

93 3767 141 3830 qui
161 3768 274 3818 candem
291 3767 319 3816 in
337 3768 492 3820 societatem
508 3772 613 3820 studio-
654 3773 719 3820 otor
734 3769 784 3818 hos
797 3770 863 3819 oleos
878 3767 1038 3817 eoumerct.
1070 3764 1188 3823 Eodem·

95 3849 156 3886 rum
182 3836 339 3903 venissent,
377 3839 492 3887 omnium
523 3847 613 3890 tamen
652 3841 812 3898 referendus
831 3837 934 3887 Nonius
950 3852 976 3899 p.
990 3830 1051 3884 544.
1068 3839 1096 3881 et
1111 3832 1170 3882 Fu*

93 3906 341 3968 praestantissimos
349 3904 487 3973 Laelium,
504 3909 613 3961 Africa-
653 3908 715 3959 blus
743 3908 844 3958 Pictor
869 3905 915 3956 tto.
946 3903 1028 3955 XVI.
1060 3901 1171 3971 Aquarii

94 3986 172 4039 num,
188 3975 326 4040 Galbam]
653 3977 781 4028 munibus
802 3976 975 4041 pedibusque
998 3971 1084 4036 cloto,
1116 3982 1171 4036 por

146 4046 180 4092 A.
194 4044 321 4105 Albinus]
346 4048 380 4095 A.
395 4044 550 4095 Postumius
561 4043 612 4098 iit-
653 4048 769 4098 labrum
797 4045 918 4096 sinistro
946 4055 1033 4093 manu
1062 4041 1169 4104 teneto,

92 4110 173 4162 binus
186 4118 214 4160 et
224 4114 257 4162 L.
265 4114 384 4164 Licinius
396 4116 527 4183 Lucullus
541 4129 612 4165 coss.
654 4118 781 4169 deutero
805 4126 905 4165 casum
929 4123 994 4162 cum
1011 4120 1108 4174 aquai
1141 4114 1170 4157 θ·

93 4193 121 4232 a·
133 4180 301 4244 6611151.)
322 4184 438 4238 Albinus
450 4197 496 4236 roa
512 4185 614 4250 Roma-
652 4189 754 4251 11226.
774 4185 886 4238 Varro:
901 4178 1111 4235 commentario
1119 4190 1171 4233 66·
