2676 4748
556 318 755 419 tanao.
1134 322 1204 398 Mt
1290 332 1295 343 ’

119 517 347 600 tundebat,
369 506 483 607 tamen
503 506 762 603 consulentibus·
776 502 1008 602 respondendo
1028 510 1204 583 studiosos

120 606 279 678 audiendi
291 605 445 674 docebat.
486 604 606 694 Atque
620 604 699 671 lruic
711 616 799 668 anno
819 598 1204 689 16661166686116666ό
1280 679 1283 692 Ι

118 699 197 765 6616
211 705 247 764 61
261 692 422 784 Pompeio
434 692 516 761 tuit.
559 691 648 760 'l'um
662 689 705 760 Ρ.
719 688 863 777 Sulpicii
880 690 915 754 in
928 686 1104 755 tribunatu
1119 702 1204 776 qno*

119 784 205 852 tidie
230 780 457 850 concionantis
485 786 593 847 totum
612 789 718 865 genus
737 775 871 842 dicendi
890 777 1025 864 penitus
1048 780 1207 861 cognovi·-

120 886 223 942 inus.
250 868 434 957 eodemque
455 872 607 955 temporo
623 880 699 933 cum
713 865 872 953 princeps
885 862 1091 931 Academiae
1104 863 1205 932 Philo

119 981 197 1026 cum
217 957 477 1025 Atheniensium
498 952 726 1045 optimatibus*
738 950 970 1018 Mithridatico
990 950 1081 1018 bello
1104 951 1205 1020 doma

120 1046 345 1138 profugisset,
364 1042 571 1129 Romamque
586 1036 868 1127 uenisset'totutu
881 1041 913 1104 ai
926 1050 978 1104 me
991 1038 1129 1121 tradidi,
1146 1039 1207 1106 ad·

117 1132 272 1199 'mirabili
281 1129 424 1221 quodmn
438 1128 480 1195 ad
492 1126 735 1281 philosophiam
745 1123 858 1191 sardio
868 1126 1072 1193 concitatus:
1094 1128 1206 1215 inquo

121 1223 185 1307 irco
204 1219 307 1286 etiam
326 1237 493 1285 commora
519 1237 558 1281 ar
579 1215 760 1294 attentius,
781 1209 889 1300 quod,
907 1213 1102 1279 stoicorum
1115 1216 1208 1304 1666-

119 1327 197 1374 rnm
211 1306 357 1373 variatas
374 1312 409 1371 et
424 1300 618 1388 magnitudo
635 1320 764 1368 summa
779 1321 832 1365 me
845 1298 1069 1367 delectatione
1080 1303 1208 1369 retine-

122 1395 201 1474 1611,
225 1401 335 1458 tamen
355 1391 489 1458 sublata
512 1391 578 1456 iam
600 1389 727 1471 esseio
764 1395 939 1474 erpetuum
957 1388 1046 1454 ratio
1064 1387 1209 1456 iudicio·-

123 1503 200 1548 rum
214 1477 404 1547 ridebatur.
444 1481 523 1547 307.
546 1473 715 1543 occiderat
754 1476 901 1563 ulpicius
914 1474 974 1541 illo
990 1496 1094 1557 anno,
1121 1483 1210 1543 tres-

118 1587 190 1655 666
213 1566 367 1722 proximo
392 1564 498 1631 trium
519 1570 666 1638 aetatum
685 1568 838 1639 oratores
859 1568 956 1628 crant
975 1562 1210 1631 crudelissima

123 1652 213 1723 inter
227 1653 312 1737 acti,
333 1650 380 1741 Q.
393 1650 551 1731 Catulus,
575 1651 624 1724 Μ.
637 1649 832 1732 Antonius,
856 1647 1033 1721 c.1u1ius.
1080 1650 1210 1761 Eodem

193 1823 256 1886 tor.
290 1830 385 1883 eodem
402 1829 586 1892 nuncetiam]
610 1827 658 1882 616
674 1829 785 1893 61166.-
811 1828 909 1881 eodem
924 1826 1014 1881 etiam
1029 1826 1087 1882 otta
1102 1828 1137 1882 11.
1166 1846 1172 1911 j
1243 1900 1250 1913 ·

176 1973 237 2039 hnic
251 1989 321 2054 ahno
329 1977 484 2051 proximus]
510 1986 623 2037 16666.
689 1968 1040 2048 desperantumvide'retur.
1057 1985 1212 2039 11666666-

179 2046 208 2108 i'·
222 2057 348 2120 sulpicii]
372 2058 424 2107 llic
438 2056 509 2106 euim
524 2056 647 2106 tribunus
690 2044 802 2107 tentiam
815 2044 867 2106 etsi
879 2046 965 2108 verba
974 2054 1113 2107 Ciaaronis
1124 2057 1213 2120 prima

125 2126 164 2190 pi.
184 2127 236 2179 init
256 2129 440 2190 16666666.
463 2125 542 2175 cuius
561 2135 648 2188 genus
691 2124 786 2187 specie
799 2114 886 2188 magis
900 2124 1153 2190 oh'scurosaequarn
1165 2137 1214 2177 so-
1322 2112 1328 2138 ¹

124 2196 300 2246 concionandi
308 2195 501 2246 describiturc.
509 2191 551 2243 55.
565 2193 650 2242 laem·
690 2193 742 2243 lita
764 2194 897 2244 facilitate
923 2193 1099 2256 pronunciata
1121 2203 1214 2260 putes,

126 2279 179 2328 que
195 2267 228 2314 de
247 2266 340 2314 eodem
358 2273 427 2313 anuo
447 2262 650 2321 intelligendum
689 2260 756 2311 licet
770 2269 860 2311 tamen
872 2275 1020 2324 agnoscere
1030 2264 1159 2315 memhris
1171 2265 1216 2315 16-

126 2333 335 2398 qhodaequitnr,
349 2330 649 2393 eodemqaatempore.
691 2327 765 2376 viter
782 2328 903 2379 initeris:
926 2330 958 2379 to
978 2342 1032 2395 quo
1053 2330 1105 2381 ito‘c
1125 2333 1215 2384 etiam

180 2399 360 2449 Mithridatico
372 2399 457 2457 hello]
480 2395 651 2446 Mithridates
693 2396 891 2447 commorabar
910 2399 1054 2448 attentius
1073 2401 1145 2458 (6161
1162 2412 1215 2454 re-
1318 2398 1320 2402 ⁴

127 2464 199 2517 anim
217 2480 266 2516 rex
279 2479 340 2517 cnm
360 2477 386 2518 6.
401 2467 464 2516 6661
488 2464 652 2516 Archelaum
692 2476 761 2516 rum
772 2465 902 2529 tpeorum
913 2466 1044 2518 66616166
1057 2492 1088 2506 ·-
1100 2469 1217 2522 retina·

128 2537 225 2586 ducem
243 2539 303 2585 66111
325 2535 446 2584 exercitu
464 2533 493 2584 in
507 2532 651 2584 Graeciam
694 2534 772 2597 hot),
805 2536 880 2599 quod
897 2535 1011 2586 6611616
1029 2537 1088 2587 tam
1106 2550 1169 2590 6666
1183 2576 1191 2591 .
1206 2546 1235 2592 .“

128 2605 260 2669 misisset,
273 2603 453 2655 Athenienses
468 2601 652 2667 auctorehri·
692 2603 774 2655 ratio
788 2601 963 2656 iudiciorum
975 2605 1136 2658 otdehatur.
1159 2608 1216 2659 111·-
1329 2650 1336 2657 .

130 2673 218 2725 stione
238 2673 366 2725 1161161661
385 2677 403 2724 ‘a
421 2672 551 2723 11666616
571 2673 652 2735 atquc
693 2671 799 2724 nostias
820 2682 926 2741 autem,
950 2687 1011 2725 cum
1023 2676 1139 2727 formam
1151 2688 1217 2730 ora·

131 2745 288 2794 societatem
308 2749 369 2792 cum
384 2740 538 2794 Mithridate
551 2740 652 2791 ineunt.
693 2741 774 2793 tionis
788 2742 889 2808 frigere
904 2743 1068 2812 iudicasset,
1092 2746 1218 2810 frigidio-

128 2815 205 2864 ’1666
221 2812 364 2875 optimates
379 2811 591 2874 Atheniensium,
607 2809 652 2873 qui
693 2825 752 2864 rem
764 2813 845 2863 etiam
860 2812 950 2861 6116616
964 2812 1031 2863 crisi
1040 2826 1106 2866 sane
1117 2815 1217 2867 levitas·

130 2883 335 2934 chomanorum
350 2890 435 2933 causa
447 2882 588 2947 steterant,
600 2892 653 2929 ve·
695 2883 818 2934 admota:
839 2880 914 2948 qood
928 2884 958 2933 et
969 2893 1073 2935 reram
1085 2884 1217 2949 ipsoram

131 2953 191 3002 nati
211 2953 289 3016 suut,
311 2961 456 3014 eorumque
475 2947 653 3011 6666661111-
694 2950 874 3002 curiatae-
885 2950 1046 3020 retinebat,
1069 2956 1100 3006 et
1118 2953 1217 3006 66116-

131 3024 203 3070 cata.
230 3019 411 3084 Moitiigitur,
429 3008 653 3082 interqnosPhi·
695 3023 728 3073 to
742 3026 796 3069 etc.
1316 3065 1321 3073 .

129 3091 159 3140 16
178 3088 365 3153 philosophos,
389 3089 502 3140 Romam
522 3088 654 3150 coniuge·
691 3098 694 3103 ·
748 3088 809 3141 367.
843 3088 989 3143 occiderat
1008 3090 1158 3155 sulpicius]
1181 3093 1218 3145 A.

129 3159 204 3221 runt,
219 3157 654 3222 nequeantainpatriamrever-
694 3156 758 3209 666.
1188 3166 1191 3173 ’

131 3226 154 3278 11
169 3227 307 3293 poterant,
322 3226 518 3289 ’6666666116
531 3227 655 3276 Athenas
693 3246 697 3253 ·
746 3224 827 3276 trluhi
839 3227 970 3289 aetatum]
988 3225 1153 3289 mutatico
1163 3227 1219 3281 Ca-

133 3304 296 3358 caperentur
315 3308 341 3346 6.
361 3295 422 3346 663.
455 3294 655 3346 0111161611.
696 3295 771 3347 tulus
798 3294 855 3346 alia
879 3298 1008 3348 floruerat
1025 3298 1117 3350 aetate
1138 3308 1220 3364 quarn

135 3366 174 3416 11.
198 3379 223 3427 p.
243 3361 305 3415 sta.
329 3364 466 3415 Philonem
486 3371 577 3414 autem
594 3374 655 3414 ma·
698 3363 847 3429 6616666,
876 3377 954 3428 quem
977 3367 1067 3431 ipsum
1093 3368 1128 3420 ab
1155 3368 1221 3421 16111

134 3441 216 3497 gnum
234 3432 261 3482 in
277 3431 446 3496 philosophia
459 3433 656 3483 virum'hahait
696 3434 863 3496 temporibus
882 3446 933 3496 par
950 3435 1005 3486 init
1017 3436 1139 3488 secerni:
1163 3437 1221 3488 tta-

134 3504 240 3553 Ι1611166
258 3502 436 3565 optimumque
449 3514 526 3552 suum
541 3513 656 3563 praece·
699 3515 751 3567 que
770 3502 797 3551 hi
817 3501 871 3552 riri
887 3504 984 3556 merito
1001 3506 1082 3556 trium
1098 3508 1221 3557 aetatum

134 3575 238 3635 ptorem
250 3572 348 3637 coluit,
365 3573 435 3636 quod
448 3579 486 3621 tot
500 3571 558 3620 eius
571 3579 657 3621 rocca
698 3580 822 3624 oratores
833 3574 1014 3633 appellantur.
1047 3577 1115 3626 sunt
1128 3579 1221 3627 autern

135 3643 291 3694 declarant:
307 3641 468 3693 66163666.
481 3640 519 3707 11,
532 3640 559 3690 t.
576 3640 609 3690 de
621 3640 657 3691 rt.
699 3642 823 3692 cinnano
836 3642 1032 3708 dominatione,
1050 3645 1113 3707 quia
1125 3646 1221 3695 Sullae

134 3711 169 3762 D.
184 3712 213 3773 1,
231 3715 258 3762 3.
698 3710 846 3774 favebant,
875 3712 1003 3764 1166111611
1024 3723 1053 3763 a.
1077 3714 1140 3765 667.
1179 3714 1221 3762 lla

185 3775 436 3841 raticindiciorum]
453 3775 659 3841 licimpensius,
700 3778 816 3841 cingulis
837 3779 936 3831 dictum
957 3792 1056 3846 supra:
1076 3778 1222 3844 16061616

135 3846 238 3913 inquit,
255 3848 441 3912 philosophiae
455 3847 573 3909 16661611,
587 3848 658 3910 quot
699 3861 726 3898 c.
739 3849 781 3898 35.
806 3848 840 3897 de
852 3851 970 3903 Antonio
983 3863 1008 3902 6.
1019 3853 1063 3901 36.
1079 3851 1113 3901 dc
1127 3848 1222 3902 (1.16-

135 3917 190 3967 iam
215 3925 269 3967 tum
293 3918 392 3968 oratori
413 3928 467 3967 nou
490 3916 606 3977 amplius
628 3915 658 3966 in
699 3918 737 3969 iio
753 3929 779 3966 6.
793 3913 837 3968 48.

134 3982 276 4053 republica
291 3987 409 4037 laturum
426 3990 489 4035 6666
503 3986 593 4051 locum
610 3996 658 4035 ar·
751 3986 852 4036 Eodem
870 3989 957 4047 anno]
988 3986 1020 4037 ld
1039 3986 1099 4054 661,
1115 3999 1142 4038 6.
1156 3987 1219 4040 667.

135 4055 270 4106 hitrahar:
299 4064 392 4107 tantae
410 4054 481 4105 enim
500 4055 594 4103 tortae
616 4051 658 4102 ci·-
700 4053 752 4105 llic
767 4056 837 4104 enirn
851 4062 938 4105 annus
953 4055 1124 4119 significatur
1138 4068 1221 4120 prae·

135 4124 208 4174 vtica
233 4125 304 4175 intcr
326 4127 454 4177 Sullanos
472 4130 500 4173 et
519 4123 657 4172 Marianos
698 4124 874 4188 cedentibus,
897 4126 960 4174 tres
973 4126 1111 4190 protinas
1130 4126 1222 4178 triam

134 4194 386 4262 commovebantur,
416 4200 447 4246 ut
463 4193 498 4244 da
518 4191 657 4256 repetitos
697 4195 829 4249 astutam
852 4195 989 4248 oratores
1009 4198 1096 4251 66661
1113 4197 1221 4250 muda-
