2676 4748
535 310 563 377 .·.,
586 327 673 421 cap.
684 312 763 401 iic
1135 302 1227 400 ¹iit·

128 524 278 599 ettotam
302 529 340 592 et
359 518 541 590 emerissi
558 516 690 588 indicii.
725 511 815 582 'libi
826 506 996 596 intentus,
1008 490 1054 605 ie
1066 521 1125 585 tun
1141 518 1214 591 irni

116 619 257 685 nrirtnte
269 612 441 702 cupimus,
456 605 528 675 tibi
540 613 697 694 optemus
711 620 784 671 eam
799 622 870 669 rem
885 600 1072 703 publiiem,
1092 605 1128 673 in
1144 626 1213 697 qne

118 703 274 772 -duornm
292 719 450 786 generum
473 716 525 762 am
549 694 756 762 lissimornm
773 710 935 785 tenerare
945 692 1142 781 'memoriam
1160 701 1213 761 at-

128 805 519 946 33333333...
534 778 1214 963 ,ti.t.⁰ti¹tl?”iltliii,t:iill

122 966 174 1033 >clo
196 962 347 1031 acuisses
366 958 603 1028 exercitatione
618 954 775 1036 dicendi,
804 950 866 1029 sed
880 961 914 1019 et
930 953 1039 1043 ipsam
1053 954 1214 1051 eloqneug-

120 1053 213 1119 tiam
241 1047 519 1137 locupletavisses
540 1045 729 1131 graviorum
755 1040 879 1111 artium
904 1040 1146 1127 instrumento,
1177 1051 1215 1112 et

122 1138 252 1206 :iisdem
275 1137 408 1205 artibus
430 1133 533 1200 decus
554 1154 650 1199 omne
664 1129 803 1221 virtutis
822 1149 898 1194 cum
911 1150 1040 1195 summa
1055 1134 1214 1219 cloquen-

130 1228 200 1293 iine
216 1224 318 1295 lande
334 1223 514 1289 iunxisset.
553 1220 633 1288 332.
655 1216 706 1283 Ex
719 1225 754 1282 te
770 1214 893 1304 dupicx
912 1234 974 1282 nos
993 1218 1099 1285 afficit
1117 1220 1214 1286 solli'-

130 1310 265 1394 titudo,
286 1309 378 1399 quod
396 1317 432 1376 et
450 1310 525 1396 ipse
540 1329 577 1372 re
591 1305 725 1410 publica
739 1324 855 1368 cereas
869 1310 904 1368 et
917 1303 980 1369 illa
994 1309 1040 1372 te.
1068 1315 1071 1320 '
1084 1306 1142 1373 Tu
1162 1315 1215 1374 ta.

132 1422 227 1482 men,
248 1399 314 1465 etsi
327 1396 461 1462 cursnin
477 1395 603 1481 ingenit
615 1393 685 1470 tui,
704 1390 831 1470 Brute,
852 1391 976 1476 premit
991 1390 1071 1457 lraec
1087 1393 1216 1483 imper.
1313 1438 1316 1442 .

129 1494 212 1554 tnna
228 1483 345 1553 clades
366 1481 533 1563 civitatis,
562 1479 694 1546 contine
717 1486 751 1544 te
770 1477 805 1541 in
829 1476 898 1542 tuis
911 1478 1124 1565 ,perennibus
1141 1488 1216 1550 stn-

129 1568 216 1655 diis,
236 1580 273 1639 et
286 1571 380 1638 effice
397 1566 562 1672 id,‘quod
576 1568 642 1634 iam
656 1560 895 1654 propemodum
911 1566 967 1630 vel
982 1569 1084 1653 pleno
1099 1570 1216 1656 potius

129 1660 310 1738 effeceras,
330 1664 370 1725 ut
386 1663 421 1722 te
440 1656 567 1744 eripias
579 1677 620 1720 ex
632 1675 690 1733 ea,
714 1672 814 1741 quam
829 1671 891 1735 ego
909 1655 1064 1738 congessi
1078 1654 1114 1721 in
1126 1656 1214 1723 huno

124 1767 335 1827 sermonem,
362 1743 464 1811 turbe
512 1750 719 1809 ettenorum.
760 1759 821 1804 nec
840 1738 927 1802 enim
944 1737 1041 1808 decet
1060 1747 1096 1807 te
1116 1765 1216 1811 orna-

128 1840 202 1903 tum
223 1831 405 1899 uberrimis
426 1764 578 1910 artiius,
603 1851 688 1918 ques
703 1848 777 1894 oum
793 1824 896 1891 domo'
907 1826 1042 1894 haurire
1056 1851 1122 1896 non
1137 1854 1218 1919 pos.

126 1943 206 2003 ses,
234 1919 442 1988 arcessivisti
465 1938 505 1983 ex
525 1916 610 1983 urbe
632 1938 687 1995 ee,
709 1934 794 2002 quae
808 1911 994 1980 domusest
1008 1939 1143 2008 semper
1156 1920 1217 1985 lta-

127 2008 201 2075 ltita
217 2006 399 2087 doctrinae,
420 2004 590 2093 numerari
601 2004 636 2079 in
650 2003 749 2087 vulgo
765 2007 996 2090 patronorum.
1026 2003 1117 2072 Nem
1133 2006 1218 2095 qnid

127 2102 168 2163 te
185 2097 336 2163 exercuit
358 2092 575 2173 Pammenes,
601 2092 654 2158 vir
673 2092 773 2174 longo
795 2088 1093 2176 eloquentissimus
1110 2092 1218 2164 Grae-

130 2175 227 2261 ciae?
255 2180 338 2271 quid
353 2180 413 2247 illa
429 2190 527 2248 vetus
539 2176 726 2244 Academia
741 2183 842 2262 atque
858 2176 931 2241 eins
944 2178 1041 2243 heres
1057 2180 1218 2267 Aristus,

127 2270 253 2354 ltospes
269 2276 305 2335 ot
319 2266 497 2331 familiaris
509 2284 622 2343 meus,
644 2264 676 2327 si
687 2261 822 2348 quidem
837 2262 967 2328 similes
982 2266 1121 2335 maioris
1138 2294 1218 2359 par.

127 2356 177 2420 tis
198 2360 371 2419 oratorum
390 2350 498 2416 futuri
519 2341 660 2414 snmus?
703 2350 781 2416 333.
810 2345 931 2413 Nonne
950 2356 1139 2437 cernimus,
1159 2360 1217 2426 rix

128 2439 275 2531 singulis
302 2436 472 2506 aetatibus
492 2435 590 2503 binos
613 2439 767 2529 oratores
784 2432 975 2503 laudabiles
996 2442 1218 2521 constitisse?

198 2599 249 2648 sed
265 2605 293 2648 ct
308 2595 409 2659 ipsem]
431 2593 478 2646 Sic
489 2594 532 2645 etl.
546 2606 590 2658 pr.
623 2594 675 2646 sed
686 2595 721 2644 stt
731 2592 824 2658 ipsam
840 2593 892 2646 Gn.
905 2596 932 2644 2.

155 2726 160 2735 ,
197 2669 278 2719 lautis
300 2666 461 2727 iunxissesi
485 2676 550 2725 cum
567 2676 678 2717 summo
698 2663 862 2733 eloquentia
878 2663 1060 2722 Metuentes
1076 2669 1128 2724 (in.
1144 2674 1171 2724 1.
1189 2675 1217 2728 2.

131 2742 149 2781 0·
159 2736 244 2793 etei.
259 2748 302 2799 pr.
315 2748 350 2785 ex
362 2730 576 2796 interpolatione.
1213 2746 1216 2755 ·

198 2809 259 2856 333.
294 2817 346 2855 neo
358 2803 430 2854 enirn
444 2804 522 2857 decet
534 2802 576 2863 te]
600 2814 653 2855 nec
665 2805 694 2856 te
706 2800 783 2855 enim
794 2801 876 2855 tecet
890 2804 924 2857 i).

147 2892 161 2933 ,,·
176 2877 290 2935 -·‹iomo]
314 2873 506 2936 centensi.
735 2888 738 2893 ·
837 2882 840 2887 ·

132 2940 176 3025 μ’
198 2948 261 2998 333.
295 2941 466 3003 constitisse]
486 2939 654 3011 scripturam
673 2940 804 2991 librorum
817 2952 880 3009 oum
894 2941 1060 3009 simpliciore
1079 2944 1219 3002 cntiiicse'

131 3074 137 3085 .
150 3014 364 3087 ,commutabant
377 3010 478 3063 iiirius
497 3017 525 3073 et
542 3009 698 3065 Lambinus.
732 3010 786 3060 sei
801 3012 924 3067 consulto
938 3014 1023 3078 elegit
1034 3013 1132 3070 cicero
1146 3029 1218 3087 eost·

180 3165 293 3217 unsrun
309 3167 451 3228 renerus]
475 3163 653 3217 luniormnet
693 3174 747 3230 ne,
776 3176 841 3216 com
862 3164 1081 3222 sescentiens·
1121 3166 1218 3227 totos

127 3226 324 3295 §assuminus
348 3235 524 3298 prospectet
541 3233 570 3285 in
583 3231 653 3283 ruit.
693 3233 912 3303 tetpmttntme
926 3204 1097 3304 copaoos'sti
1113 3234 1218 3293 'Sene-

129 3305 174 3371 rr,
195 3305 221 3353 o
251 3306 409 3367 pateream
431 3306 652 3368 utercumque
694 3313 728 3352 os
747 3301 875 3357 controv.
894 3306 925 3372 Ι,
941 3306 968 3358 i.
991 3308 1219 3373 rammasse
1275 3326 1280 3337 ·

127 3373 486 3440 urottpenmetnomee.
694 3371 1042 3433 ionstecmmatorttm:
1058 3370 1154 3447 etti,
1171 3372 1219 3439 is.

137 3454 141 3459 ·
180 3442 652 3510 gremmonertium1urutusqnem
747 3443 871 3505 Aristus]
893 3447 1018 3499 Antiochi
1036 3447 1140 3515 irater,
1164 3463 1218 3518 qno

128 3511 233 3573 paruus
252 3513 421 3580 litterarum,
450 3510 573 3573 inprimis
591 3510 652 3572 piri-
693 3511 793 3562 Brutus
827 3512 953 3567 utebatur
988 3508 1217 3572 familiiuissi'ute:

127 3579 268 3642 ioeophioc
293 3581 395 3648 inerit,
425 3579 599 3644 exposuimus
622 3580 651 3631 in
694 3582 779 3631 Acci.
800 3582 830 3649 1,
855 3586 882 3634 3.
918 3585 999 3636 tusc.
1019 3585 1057 3652 V,
1080 3586 1108 3639 8.
1144 3588 1217 3643 Plot.

127 3649 276 3710 Prooemlo.
693 3651 770 3701 Brut.
787 3654 813 3700 ².

180 3721 242 3770 332.
277 3718 450 3777 exorbees]
466 3715 589 3768 Athenis.
605 3715 651 3768 si·
745 3719 831 3771 futuri
858 3723 964 3782 snmus]
997 3725 1129 3777 Amanter
1149 3726 1218 3782 (lixit

126 3785 228 3838 militer
240 3788 333 3836 urbem
347 3786 519 3839 humanitatis
527 3785 652 3837 altricem
693 3787 722 3839 in
735 3789 919 3842 cohortatione
932 3791 1025 3860 Bruti,
1042 3788 1095 3856 qno
1110 3794 1218 3861 sigum.

127 3856 273 3919 descripsit
284 3856 353 3919 lipp.
362 3856 413 3924 vt,
428 3857 452 3906 i.
465 3859 491 3906 3.
508 3866 558 3920 pro
568 3856 651 3908 3133-
692 3860 772 3909 cstur
781 3859 870 3921 ipsum
884 3856 1007 3927 futurus
1020 3874 1060 3912 cs.

129 3932 164 3973 co
180 3937 203 3973 o
217 3927 261 3976 36.
744 3930 806 3980 333.
846 3930 896 3979 vix
924 3929 1040 3992 siugulis
1064 3933 1217 4001 aetatibus]

181 3992 354 4054 Pentmenes]
381 3992 476 4044 cicero
491 3994 526 4044 od
538 3995 651 4045 eundem
692 3995 734 4045 tte
746 3996 823 4048 oret.
835 3998 860 4061 I,
877 4003 905 4063 2,
921 3997 949 4049 8.
966 3999 1029 4049 lom
1041 4011 1128 4068 aero,
1144 4018 1215 4059 coes-

127 4060 241 4112 Brutum
261 4062 401 4129 scribens,
424 4063 471 4112 nti
489 4064 650 4115 mentionem
691 4064 757 4115 sitio
776 4066 975 4132 acceptentur
993 4069 1044 4134 qui
1061 4083 1215 4139 repertae

126 4129 261 4181 iniecerat
278 4131 482 4198 Demosthenis,
507 4132 583 4184 oret.
605 4133 648 4182 33.
690 4135 855 4200 aeternare
883 4147 948 4186 rem
974 4137 1050 4200 psol.
1080 4150 1213 4214 possent,

128 4199 264 4263 quonum
289 4202 319 4251 et
343 4200 419 4252 tone
444 4202 479 4252 to
499 4203 650 4252 oratorem
690 4205 1139 4271 mottteostra,ptorespatrum
1149 4227 1211 4270 ms-

127 4278 193 4323 tsst
209 4268 271 4325 cist
289 4270 500 4325 Mancino
515 4269 649 4327 Pamme-
690 4273 987 4343 summouentem
1000 4278 1141 4338 maium·
1155 4298 1211 4340 eo-
