2676 4748
116 314 168 388 sc
397 280 403 291 ’
541 310 785 387 caurus

124 500 276 582 bomine,
296 499 464 593 suspicari
477 502 573 571 libet.
615 500 915 571 Lacedaemonium
934 520 1013 568 vero
1033 516 1141 588 usque
1160 495 1215 565 sd·-

124 591 188 656 lrcc
213 597 347 676 tempus
375 591 488 658 audivi
512 592 619 658 luisse
642 591 818 662 neminem.
871 589 1060 657 Menelaum
1083 589 1208 675 ipsum,

127 676 261 744 dulcem
281 679 376 744 illum
401 677 535 768 quidem
553 678 662 745 tradit
678 677 867 759 Homerus,
892 676 953 743 sed
972 697 1080 766 pauca
1094 676 1207 742 dicen·
1261 738 1264 749 ,

125 771 206 832 tem.
248 762 407 832 Brevitas
426 776 537 835 autem
556 768 632 833 laus
653 777 707 833 est
725 764 895 834 interdum
918 765 953 830 in
976 765 1087 850 aliqua
1107 767 1209 852 parte

125 849 270 933 dicendi,
285 852 320 919 in
331 853 486 921 universa
500 855 690 942 eloquentia
704 853 837 921 laudem
850 874 915 919 ncn
926 852 1039 918 habet.
1082 853 1137 921 51.
1153 850 1208 916 At

124 961 206 1008 vero
220 948 316 1005 extra
331 940 506 1011 Graeciam
521 963 641 1028 magna
656 941 789 1007 dicendi
802 939 916 1009 studia
928 941 1080 1019 luerunt,
1102 938 1209 1003 maxi·

124 1027 240 1114 mique
257 1028 334 1093 huic
349 1029 444 1096 laudi
465 1030 573 1098 habiti
593 1030 736 1095 honores
756 1031 890 1096 illustre
904 1034 1076 1094 oratorum
1089 1046 1229 1093 nomen‘

19 1174 22 1179 4
126 1113 359 1187 reddiderunt.
401 1139 477 1184 nam
498 1125 539 1184 ut
560 1119 699 1184 semele
718 1115 859 1184 Piraeeo
883 1116 1073 1203 eloquentia
1092 1112 1209 1181 erecte

125 1207 198 1281 est,
227 1224 341 1270 omnes
354 1206 553 1294 peragrarit
571 1199 700 1271 insulas
720 1213 821 1292 atque
839 1203 890 1270 ita
905 1205 1121 1355 Keregrinato
1134 1208 1208 1268 tota
1245 1196 1253 1211 ⁸

44 1348 49 1354 .
125 1290 218 1358 Asia
237 1298 310 1371 est,
342 1300 381 1357 ut
404 1314 441 1359 so
463 1295 611 1360 externis
630 1292 797 1359 oblineret
817 1290 904 1358 mori
927 1312 986 1372 us,
1012 1306 1209 1376 omnemque

125 1376 221 1446 illam
244 1377 478 1446 salubritatem
499 1381 639 1447 Atticae
658 1379 816 1447 dictionis
842 1385 878 1444 et
904 1376 1002 1466 qnasi
1027 1378 1208 1443 sanitatem

124 1464 285 1555 perderet
306 1488 345 1532 ac
367 1469 463 1555 loqui
482 1490 587 1558 paene
609 1467 809 1537 dedisceret.
851 1465 941 1537 Hinc
959 1464 1116 1551 Asiatici,
1131 1480 1208 1531 crat·

192 1607 238 1662 ⁵1,
271 1607 414 1672 oblineret]
437 1610 581 1666 obtineret
592 1612 634 1664 ed.
649 1625 690 1676 pr.

193 1685 222 1728 et
236 1676 314 1739 quasi
328 1679 485 1747 sanitatem]
507 1685 537 1735 et
548 1682 632 1748 quast
644 1679 819 1732 suavitatem
831 1679 873 1732 ed.
885 1689 927 1741 pr·
961 1676 1128 1738 interpretes
1141 1686 1209 1726 sen-

158 1753 268 1812 serunt,
292 1748 493 1803 salubritatem
505 1754 536 1803 et
547 1752 630 1818 quasi
641 1751 814 1815 saadatem,
835 1760 905 1815 qnae
919 1759 1013 1810 parum
1027 1747 1097 1795 inter
1110 1757 1141 1794 se
1153 1744 1208 1795 ctr-

157 1815 266 1881 terant,
286 1816 332 1865 vix
346 1829 425 1879 posse
438 1819 560 1872 Ciceroni
573 1821 668 1871 tribui:
685 1832 797 1885 quorum
809 1818 856 1870 elil
868 1812 1096 1880 insalubritate,
1118 1814 1167 1866 elli
1179 1813 1209 1865 iu

158 1884 288 1937 saauate
305 1886 401 1942 vitium
420 1891 594 1951 quaerebant.
626 1891 695 1940 Nem
709 1888 872 1952 Sebfitzins,
894 1887 1013 1936 Errrestii
1027 1885 1209 1935 coniecturum

140 1961 288 2018 ‚secutuss
311 1967 475 2024 omnemque
493 1959 573 2010 illam
590 1959 780 2010 subtilitatem
800 1955 913 2010 atticas
931 1953 1066 2006 dictionis
1080 1955 1110 2005 et
1124 1951 1208 2019 quasi

160 2023 337 2083 sanitatemt
369 2038 478 2078 nussim
497 2027 632 2079 orelllus:
659 2028 861 2079 salubritatem
880 2025 994 2076 Atticae
1021 2023 1157 2075 diationis
1177 2024 1208 2074 et

142 2092 246 2159 ,diust
266 2093 448 2155 suasuram
481 2097 627 2149 Lambinus
650 2105 741 2148 autem
764 2109 800 2146 ex
826 2090 934 2160 codice,
965 2100 995 2143 ut
1020 2093 1075 2159 ait,
1108 2090 1207 2142 edidit:

159 2168 326 2230 omnemque
343 2165 425 2216 illam
442 2165 557 2219 Atticae
577 2165 713 2218 aieuoats
731 2164 815 2232 actast
834 2162 1009 2217 sanitatem.-
1037 2174 1106 2225 quse
1124 2160 1209 2211 lectio
1235 2166 1241 2173 ’

159 2232 253 2292 (modo
265 2246 281 2282 e
293 2234 384 2286 codice
397 2236 519 2295 duxerit)
535 2236 681 2286 verissima
694 2243 745 2300 est,
764 2233 940 2298 probavitque
952 2229 1207 2284 Rubnkeniuslilst.

160 2300 221 2351 crit.
241 2310 320 2354 oratt.
345 2318 371 2366 p.
393 2304 540 2359 xxxvn.
580 2305 776 2355 Biderceeklus
793 2301 901 2369 quidem
918 2302 988 2352 mira
1005 2308 1115 2367 narrat,
1137 2300 1208 2350 banc

159 2371 290 2433 vulgatae
308 2371 431 2435 lectionis
448 2374 623 2438 tautologiam
636 2375 670 2425 ab
683 2373 812 2425 cicerone
825 2383 879 2422 ncn
894 2371 1009 2423 alienam
1022 2384 1101 2437 esse,
1124 2380 1209 2431 prae-

159 2440 254 2491 sertim
267 2453 327 2492 cum
339 2450 367 2492 et
379 2443 501 2507 argutior
514 2444 669 2496 intendem
679 2443 767 2510 notio,
784 2443 887 2495 dnobus
901 2440 1081 2494 substantivis
1093 2444 1209 2501 expres·

160 2519 209 2571 sa,
226 2517 255 2559 et
271 2509 359 2572 ipsum
373 2513 457 2578 quasi
472 2515 506 2566 ad
520 2513 596 2577 prins
610 2514 808 2565 substantivum
820 2513 924 2563 redeat.
960 2510 1102 2573 [liquidem
1120 2519 1207 2572 neque

161 2577 350 2633 subtilitatem
369 2582 465 2648 istam,
489 2594 560 2648 quae
577 2583 630 2634 fuit
649 2595 704 2634 una
721 2584 754 2633 de
775 2582 869 2633 multis
885 2581 1036 2631 Atticorum
1051 2578 1207 2644 virtutibus,

159 2635 285 2700 rimosam
306 2654 502 2718 concesserim,
525 2664 611 2719 neque
629 2651 805 2717 siccitatem,
827 2662 881 2713 qua
899 2651 1003 2699 Tullius
1023 2649 1095 2700 intra
1118 2661 1142 2697 c.
1162 2647 1206 2698 82.

159 2715 217 2768 ulia
228 2719 341 2775 meliora
353 2721 383 2770 iu
394 2721 493 2772 Atticis
505 2721 593 2772 lauisse
605 2727 714 2784 narrat,
736 2730 858 2783 quaeque
871 2727 926 2766 tam
940 2718 1048 2779 propria
1061 2717 1209 2769 habebatur
1227 2716 1230 2721 ’
1250 2747 1256 2765 t

159 2797 244 2840 sanae
258 2789 426 2854 eloquentiae
440 2797 518 2856 ncta,
541 2797 572 2838 ut
584 2789 668 2840 mirer
678 2788 804 2838 indicium
817 2787 984 2845 significatus
997 2786 1107 2848 figurati
1127 2785 1210 2854 quast

159 2858 309 2918 praemiat,
349 2859 507 2909 Lambinum
527 2866 615 2909 tamen
636 2858 809 2921 probaremus
830 2856 962 2919 libenter,
985 2856 1010 2904 si
1029 2857 1209 2909 demonstrari

160 2934 254 2987 posset
272 2924 472 2983 salubritatem
491 2927 525 2978 ab
544 2927 733 2988 interpretibus
748 2937 813 2974 esse
825 2925 984 2986 proiectum.
1019 2925 1072 2974 Sed
1084 2928 1209 2989 quoniam

160 2994 308 3047 salubritas
323 2997 358 3048 ad
370 3009 469 3048 caussas
480 2998 622 3047 naturales
635 3004 663 3047 et
674 3003 802 3045 externas
814 2993 940 3058 retertur,
958 2992 1054 3055 quibas
1067 2996 1209 3059 integritas

159 3061 236 3113 vitae
256 3073 378 3133 constet,
403 3065 507 3118 sanitas
526 3072 616 3116 autem
636 3067 671 3116 ad
691 3065 813 3127 vigorem
833 3070 861 3112 et
880 3069 980 3113 statum
996 3064 1065 3113 omni
1078 3066 1140 3115 labe
1155 3077 1208 3116 ve-

159 3143 256 3185 cuum:
273 3133 368 3187 Cicero
380 3134 580 3194 salubritatem
592 3135 707 3186 Atticae
721 3132 856 3184 dictionis
869 3132 977 3182 videtur
990 3135 1113 3194 spiritum
1131 3133 1208 3185 illum

158 3202 281 3254 nativum
293 3213 320 3253 et
332 3207 485 3257 castitatem
498 3205 615 3269 dixisse,
634 3217 703 3268 quae
713 3205 817 3254 coelum
827 3198 992 3252 Athenarum
1006 3211 1084 3252 tenue
1097 3211 1125 3253 et
1138 3211 1208 3253 tem-

158 3278 282 3332 peratum
294 3275 441 3342 redoleret,
457 3277 591 3325 cumulum
604 3281 694 3324 autem
708 3272 882 3337 perfectiouis
897 3273 978 3336 quasi
990 3273 1143 3324 sanitatem
1157 3274 1208 3322 ad·

158 3337 269 3400 didisse,
286 3342 378 3405 idest,
396 3344 642 3402 habitumomnibus
654 3343 773 3394 numeris
787 3339 939 3393 ahsolutum
951 3350 979 3391 et
989 3342 1063 3392 virili
1078 3340 1206 3402 dignitate

158 3408 326 3460 molanum.
360 3413 404 3461 sic
417 3414 490 3464 infra
503 3426 526 3465 c·
541 3413 585 3464 80.
598 3415 618 3461 f.
631 3414 776 3463 sanitatem
789 3410 886 3461 Calidil
897 3412 1005 3477 laudat,
1028 3410 1074 3474 qui
1091 3409 1207 3463 solidum

160 3478 292 3540 quendam
311 3482 480 3543 eloquentiae
501 3489 620 3532 tenorem
640 3483 765 3545 afferrem
786 3481 851 3530 item
865 3493 889 3529 c.
901 3480 945 3531 82.
963 3480 1048 3530 iunxit
1063 3478 1208 3529 sanitatem

158 3552 187 3594 et
196 3545 376 3608 integritatem
390 3559 516 3612 tanlquam
529 3551 697 3601 cctrdiciones
710 3550 828 3599 muneris
841 3550 960 3599 oratorii.
1001 3551 1073 3598 Nos:
1096 3548 1142 3597 die
1156 3548 1207 3598 Si-

157 3613 290 3746 ῗιοέὴςὶε
303 3619 363 3673 aad
374 3621 450 3685 ‹larf
458 3619 505 3672 icis
518 3633 606 3688 sapsa
620 3622 666 3677 aie
679 3618 784 3686 obilipe
797 3618 980 3686 Tsiebtiqlseit
990 3619 1044 3673 der
1057 3615 1208 3671 Attisebea

188 3697 249 3743 ee.

124 3822 182 3872 met
198 3814 328 3874 dbertum
348 3816 433 3875 titisse
448 3825 476 3876 et
491 3818 645 3884 eloquentia
738 3819 884 3880 Homerus]
915 3814 1082 3890 lis-214.
1112 3811 1208 3886 audac

125 3892 182 3939 taur
198 3886 268 3937 inter
280 3888 421 3939 l'hebaucs
433 3900 513 3952 quam
526 3889 554 3938 iu
568 3896 644 3937 exte·
686 3887 756 3954 ata,
773 3882 843 3940 alla
856 3881 933 3954 alla
944 3883 1047 3954 tatas.

124 3954 166 4004 ris
183 3955 393 4016 Epaminondam
410 3957 533 4022 viguisse
552 3958 643 4018 Nepos
738 3958 782 4009 51.
823 3957 896 4020 icqni
927 3969 1013 4017 paene
1041 3953 1207 4014 dedisceret]

122 4021 152 4077 itt
164 4025 243 4076 buius
256 4027 315 4077 vita
331 4039 356 4076 c.
368 4025 393 4078 5.
406 4030 432 4077 6.
466 4026 644 4077 Cuittstesti-
686 4025 802 4076 Asiatici
831 4035 953 4078 oratores
979 4037 1032 4074 non
1058 4031 1112 4074 tam
1134 4023 1208 4087 loqui

122 4094 240 4150 monium
256 4103 286 4147 ut
299 4094 436 4160 singulare
449 4095 477 4150 itt
491 4095 578 4148 medic
597 4109 643 4145 re·
687 4096 1010 4156 quamceneresolebam.
1029 4095 1135 4144 orator.
1149 4105 1173 4141 c.
1180 4093 1207 4142 8.

121 4160 275 4231 linquimus.
685 4167 817 4228 Quocum
835 4163 928 4230 tatur
945 4164 1028 4215 moda
1049 4161 1207 4214 audiretur
