<?xml version="1.0" encoding="UTF-8"?>
<!DOCTYPE html PUBLIC "-//W3C//DTD XHTML 1.0 Transitional//EN"
    "http://www.w3.org/TR/xhtml1/DTD/xhtml1-transitional.dtd">
<html xmlns="http://www.w3.org/1999/xhtml" xml:lang="en" lang="en">
 <head>
  <title>
</title>
<meta http-equiv="Content-Type" content="text/html;charset=utf-8" />
  <meta name='ocr-system' content='tesseract 3.04.00' />
  <meta name='ocr-capabilities' content='ocr_page ocr_carea ocr_par ocr_line ocrx_word'/>
</head>
<body>
  <div class='ocr_page' id='page_1' title='image "./mtulliiciceroni00meyegoog_0031.png"; bbox 0 0 2676 4748; ppageno 0'>
   <div class='ocr_carea' id='block_1_1' title="bbox 441 515 881 605">
    <p class='ocr_par' dir='ltr' id='par_1_1' title="bbox 441 515 881 605">
     <span class='ocr_line' id='line_1_1' title="bbox 441 515 881 605; baseline -0.009 -11"><span class='ocrx_word' id='word_1_1' title='bbox 441 515 881 605; x_wconf 80' lang='lat' dir='ltr'><strong>ARGUMEN&#39;PUM.</strong></span> 
     </span>
    </p>
   </div>
   <div class='ocr_carea' id='block_1_2' title="bbox 563 682 766 707">
    <p class='ocr_par' dir='ltr' id='par_1_2' title="bbox 563 682 766 707">
     <span class='ocr_line' id='line_1_2' title="bbox 563 682 766 707; baseline 0 -4"><span class='ocrx_word' id='word_1_2' title='bbox 563 682 766 707; x_wconf 49' lang='grc' dir='ltr'>«ιιι-*-</span> 
     </span>
    </p>
   </div>
   <div class='ocr_carea' id='block_1_3' title="bbox 63 804 1282 1200">
    <p class='ocr_par' dir='ltr' id='par_1_3' title="bbox 63 804 1282 1200">
     <span class='ocr_line' id='line_1_3' title="bbox 63 804 1213 944; baseline 0.005 -31"><span class='ocrx_word' id='word_1_3' title='bbox 63 878 65 883; x_wconf 37' lang='lat' dir='ltr'>s</span> <span class='ocrx_word' id='word_1_4' title='bbox 123 804 200 944; x_wconf 65' lang='lat' dir='ltr'>Q·</span> <span class='ocrx_word' id='word_1_5' title='bbox 223 852 377 920; x_wconf 72' lang='lat' dir='ltr'>Hortensii</span> <span class='ocrx_word' id='word_1_6' title='bbox 395 851 531 934; x_wconf 78' lang='lat' dir='ltr'><strong>deplorat</strong></span> <span class='ocrx_word' id='word_1_7' title='bbox 552 852 677 934; x_wconf 85' lang='lat' dir='ltr'>ebitum,</span> <span class='ocrx_word' id='word_1_8' title='bbox 697 855 752 917; x_wconf 85' lang='lat' dir='ltr'>sed</span> <span class='ocrx_word' id='word_1_9' title='bbox 764 855 814 936; x_wconf 90' lang='lat' dir='ltr'>qui</span> <span class='ocrx_word' id='word_1_10' title='bbox 828 852 1065 933; x_wconf 87' lang='lat' dir='ltr'>commodissimo</span> <span class='ocrx_word' id='word_1_11' title='bbox 1079 860 1213 935; x_wconf 73' lang='lat' dir='ltr'>tenpore</span> 
     </span>
     <span class='ocr_line' id='line_1_4' title="bbox 124 941 1282 1029; baseline -0.002 -18"><span class='ocrx_word' id='word_1_12' title='bbox 124 945 279 1020; x_wconf 77' lang='lat' dir='ltr'>acciderit3</span> <span class='ocrx_word' id='word_1_13' title='bbox 305 943 363 1006; x_wconf 88' lang='lat' dir='ltr'>sibi</span> <span class='ocrx_word' id='word_1_14' title='bbox 384 961 455 1008; x_wconf 79' lang='lat' dir='ltr'>vero</span> <span class='ocrx_word' id='word_1_15' title='bbox 475 941 589 1029; x_wconf 80' lang='lat' dir='ltr'>nullum</span> <span class='ocrx_word' id='word_1_16' title='bbox 606 941 638 1004; x_wconf 90' lang='lat' dir='ltr'>in</span> <span class='ocrx_word' id='word_1_17' title='bbox 651 949 733 1004; x_wconf 89' lang='lat' dir='ltr'>tanta</span> <span class='ocrx_word' id='word_1_18' title='bbox 747 962 847 1006; x_wconf 88' lang='lat' dir='ltr'>rerum</span> <span class='ocrx_word' id='word_1_19' title='bbox 860 942 1037 1007; x_wconf 83' lang='lat' dir='ltr'>adversitate</span> <span class='ocrx_word' id='word_1_20' title='bbox 1051 943 1213 1009; x_wconf 75' lang='lat' dir='ltr'>emortuo</span> <span class='ocrx_word' id='word_1_21' title='bbox 1277 976 1282 985; x_wconf 90' lang='lat'><em>·</em></span> 
     </span>
     <span class='ocr_line' id='line_1_5' title="bbox 126 1028 1213 1110; baseline 0.001 -12"><span class='ocrx_word' id='word_1_22' title='bbox 126 1046 194 1098; x_wconf 87' lang='lat' dir='ltr'>esse</span> <span class='ocrx_word' id='word_1_23' title='bbox 212 1049 405 1110; x_wconf 87' lang='lat' dir='ltr'>cencessum,</span> <span class='ocrx_word' id='word_1_24' title='bbox 430 1028 491 1093; x_wconf 90' lang='lat' dir='ltr'>nisi</span> <span class='ocrx_word' id='word_1_25' title='bbox 503 1036 535 1093; x_wconf 88' lang='lat' dir='ltr'>ut</span> <span class='ocrx_word' id='word_1_26' title='bbox 547 1048 601 1108; x_wconf 91' lang='lat' dir='ltr'>per</span> <span class='ocrx_word' id='word_1_27' title='bbox 614 1029 703 1091; x_wconf 90' lang='lat' dir='ltr'>otium</span> <span class='ocrx_word' id='word_1_28' title='bbox 713 1030 867 1094; x_wconf 90' lang='lat' dir='ltr'>honestum</span> <span class='ocrx_word' id='word_1_29' title='bbox 880 1029 991 1093; x_wconf 81' lang='lat' dir='ltr'><strong>litteras</strong></span> <span class='ocrx_word' id='word_1_30' title='bbox 1005 1030 1213 1099; x_wconf 83' lang='lat' dir='ltr'>dilectissimas</span> 
     </span>
     <span class='ocr_line' id='line_1_6' title="bbox 125 1112 1218 1200; baseline -0.001 -16"><span class='ocrx_word' id='word_1_31' title='bbox 125 1112 255 1200; x_wconf 78' lang='lat' dir='ltr'>recolat:</span> <span class='ocrx_word' id='word_1_32' title='bbox 274 1139 302 1184; x_wconf 88' lang='lat' dir='ltr'><strong>e.</strong></span> <span class='ocrx_word' id='word_1_33' title='bbox 316 1118 347 1183; x_wconf 92' lang='lat'>1.</span> <span class='ocrx_word' id='word_1_34' title='bbox 362 1120 395 1183; x_wconf 99' lang='grc'><strong>2.</strong></span> <span class='ocrx_word' id='word_1_35' title='bbox 435 1116 483 1181; x_wconf 91' lang='grc' dir='ltr'>Μ.</span> <span class='ocrx_word' id='word_1_36' title='bbox 501 1115 602 1178; x_wconf 91' lang='lat' dir='ltr'>lunius</span> <span class='ocrx_word' id='word_1_37' title='bbox 621 1116 729 1179; x_wconf 88' lang='lat' dir='ltr'>Brutus</span> <span class='ocrx_word' id='word_1_38' title='bbox 752 1126 780 1180; x_wconf 90' lang='lat' dir='ltr'>et</span> <span class='ocrx_word' id='word_1_39' title='bbox 800 1117 839 1183; x_wconf 85' lang='grc' dir='ltr'><strong>Τ.</strong></span> <span class='ocrx_word' id='word_1_40' title='bbox 854 1114 1032 1199; x_wconf 84' lang='lat' dir='ltr'>Pomponius</span> <span class='ocrx_word' id='word_1_41' title='bbox 1044 1119 1157 1182; x_wconf 89' lang='lat' dir='ltr'>Atticus</span> <span class='ocrx_word' id='word_1_42' title='bbox 1172 1120 1218 1183; x_wconf 84' lang='lat' dir='ltr'>nd</span> 
     </span>
    </p>
   </div>
   <div class='ocr_carea' id='block_1_4' title="bbox 29 1202 1213 1291">
    <p class='ocr_par' dir='ltr' id='par_1_4' title="bbox 29 1202 1213 1291">
     <span class='ocr_line' id='line_1_7' title="bbox 29 1202 1213 1291; baseline -0.002 -20"><span class='ocrx_word' id='word_1_43' title='bbox 29 1231 33 1237; x_wconf 61' lang='grc'><em>“</em></span> <span class='ocrx_word' id='word_1_44' title='bbox 126 1206 300 1272; x_wconf 89' lang='lat' dir='ltr'>Ciceronem</span> <span class='ocrx_word' id='word_1_45' title='bbox 313 1204 450 1280; x_wconf 81' lang='lat' dir='ltr'>veniunt3</span> <span class='ocrx_word' id='word_1_46' title='bbox 478 1203 526 1284; x_wconf 86' lang='lat' dir='ltr'>qui</span> <span class='ocrx_word' id='word_1_47' title='bbox 539 1208 605 1283; x_wconf 89' lang='lat' dir='ltr'>post</span> <span class='ocrx_word' id='word_1_48' title='bbox 616 1202 817 1284; x_wconf 75' lang='lat' dir='ltr'>interpositam</span> <span class='ocrx_word' id='word_1_49' title='bbox 830 1203 900 1267; x_wconf 88' lang='lat' dir='ltr'>libri</span> <span class='ocrx_word' id='word_1_50' title='bbox 916 1204 1045 1287; x_wconf 81' lang='lat' dir='ltr'>annalis,</span> <span class='ocrx_word' id='word_1_51' title='bbox 1065 1226 1150 1291; x_wconf 89' lang='lat' dir='ltr'>quem</span> <span class='ocrx_word' id='word_1_52' title='bbox 1157 1206 1213 1287; x_wconf 81' lang='lat' dir='ltr'>At-</span> 
     </span>
    </p>
   </div>
   <div class='ocr_carea' id='block_1_5' title="bbox 48 1290 1278 4141">
    <p class='ocr_par' dir='ltr' id='par_1_5' title="bbox 48 1290 1269 2417">
     <span class='ocr_line' id='line_1_8' title="bbox 126 1290 1269 1376; baseline 0.001 -19"><span class='ocrx_word' id='word_1_53' title='bbox 126 1296 203 1359; x_wconf 82' lang='lat' dir='ltr'>ticus</span> <span class='ocrx_word' id='word_1_54' title='bbox 215 1294 363 1372; x_wconf 81' lang='lat' dir='ltr'>ediderat,</span> <span class='ocrx_word' id='word_1_55' title='bbox 389 1292 507 1355; x_wconf 87' lang='lat' dir='ltr'>laudem</span> <span class='ocrx_word' id='word_1_56' title='bbox 521 1292 559 1353; x_wconf 91' lang='lat' dir='ltr'>ab</span> <span class='ocrx_word' id='word_1_57' title='bbox 578 1310 612 1352; x_wconf 91' lang='lat' dir='ltr'>eo</span> <span class='ocrx_word' id='word_1_58' title='bbox 627 1299 744 1371; x_wconf 90' lang='lat' dir='ltr'>petunt,</span> <span class='ocrx_word' id='word_1_59' title='bbox 763 1301 795 1354; x_wconf 92' lang='lat' dir='ltr'>ut</span> <span class='ocrx_word' id='word_1_60' title='bbox 809 1294 852 1355; x_wconf 86' lang='lat' dir='ltr'>de</span> <span class='ocrx_word' id='word_1_61' title='bbox 864 1290 1059 1371; x_wconf 62' lang='lat' dir='ltr'>remoratos,</span> <span class='ocrx_word' id='word_1_62' title='bbox 1082 1296 1213 1376; x_wconf 74' lang='lat' dir='ltr'>qumodo</span> <span class='ocrx_word' id='word_1_63' title='bbox 1266 1302 1269 1307; x_wconf 87' lang='lat'>&#39;</span> 
     </span>
     <span class='ocr_line' id='line_1_9' title="bbox 48 1380 1214 1463; baseline 0.002 -21"><span class='ocrx_word' id='word_1_64' title='bbox 48 1438 50 1442; x_wconf 81' lang='grc'>,</span> <span class='ocrx_word' id='word_1_65' title='bbox 125 1402 192 1445; x_wconf 82' lang='lat' dir='ltr'>ease</span> <span class='ocrx_word' id='word_1_66' title='bbox 205 1385 390 1463; x_wconf 78' lang='lat' dir='ltr'>caepissent,</span> <span class='ocrx_word' id='word_1_67' title='bbox 409 1382 468 1461; x_wconf 79' lang='lat' dir='ltr'>prce·</span> <span class='ocrx_word' id='word_1_68' title='bbox 480 1383 581 1442; x_wconf 67' lang='lat' dir='ltr'>aiam</span> <span class='ocrx_word' id='word_1_69' title='bbox 592 1387 627 1440; x_wconf 82' lang='lat' dir='ltr'>et</span> <span class='ocrx_word' id='word_1_70' title='bbox 642 1380 755 1461; x_wconf 77' lang='lat' dir='ltr'>quoles</span> <span class='ocrx_word' id='word_1_71' title='bbox 761 1380 922 1462; x_wconf 77' lang='lat' dir='ltr'>fuissent,</span> <span class='ocrx_word' id='word_1_72' title='bbox 943 1399 1107 1445; x_wconf 87' lang='lat' dir='ltr'>sermonem</span> <span class='ocrx_word' id='word_1_73' title='bbox 1119 1400 1214 1462; x_wconf 80' lang='lat' dir='ltr'>nuper</span> 
     </span>
     <span class='ocr_line' id='line_1_10' title="bbox 78 1463 1214 1549; baseline 0 -18"><span class='ocrx_word' id='word_1_74' title='bbox 78 1515 80 1519; x_wconf 84' lang='lat'><em>-</em></span> <span class='ocrx_word' id='word_1_75' title='bbox 126 1469 296 1531; x_wconf 88' lang='lat' dir='ltr'>inchoatum</span> <span class='ocrx_word' id='word_1_76' title='bbox 308 1465 477 1545; x_wconf 72' lang='lat' dir='ltr'>perliceretr</span> <span class='ocrx_word' id='word_1_77' title='bbox 497 1484 525 1531; x_wconf 94' lang='lat' dir='ltr'><strong>e.</strong></span> <span class='ocrx_word' id='word_1_78' title='bbox 539 1463 648 1532; x_wconf 81' lang='grc'><strong>3-5.</strong></span> <span class='ocrx_word' id='word_1_79' title='bbox 688 1466 824 1529; x_wconf 83' lang='lat' dir='ltr'>Exorans</span> <span class='ocrx_word' id='word_1_80' title='bbox 838 1466 889 1528; x_wconf 90' lang='lat' dir='ltr'>ille</span> <span class='ocrx_word' id='word_1_81' title='bbox 903 1468 941 1527; x_wconf 89' lang='lat' dir='ltr'>ab</span> <span class='ocrx_word' id='word_1_82' title='bbox 953 1467 1057 1530; x_wconf 89' lang='lat' dir='ltr'>Atticis</span> <span class='ocrx_word' id='word_1_83' title='bbox 1074 1469 1214 1549; x_wconf 88' lang='lat' dir='ltr'>eloquen-</span> 
     </span>
     <span class='ocr_line' id='line_1_11' title="bbox 88 1552 1213 1638; baseline 0.002 -21"><span class='ocrx_word' id='word_1_84' title='bbox 88 1630 92 1638; x_wconf 92' lang='lat'>.</span> <span class='ocrx_word' id='word_1_85' title='bbox 127 1552 199 1618; x_wconf 86' lang='lat' dir='ltr'>tiam</span> <span class='ocrx_word' id='word_1_86' title='bbox 215 1573 279 1617; x_wconf 89' lang='lat' dir='ltr'>rem</span> <span class='ocrx_word' id='word_1_87' title='bbox 297 1572 385 1616; x_wconf 89' lang='lat' dir='ltr'>unam</span> <span class='ocrx_word' id='word_1_88' title='bbox 405 1572 473 1616; x_wconf 89' lang='lat' dir='ltr'>esse</span> <span class='ocrx_word' id='word_1_89' title='bbox 490 1552 669 1615; x_wconf 84' lang='lat' dir='ltr'>demonstrat</span> <span class='ocrx_word' id='word_1_90' title='bbox 687 1555 814 1616; x_wconf 91' lang='lat' dir='ltr'>omnium</span> <span class='ocrx_word' id='word_1_91' title='bbox 832 1552 1053 1633; x_wconf 77' lang='lat' dir='ltr'>difficillimam:¹</span> <span class='ocrx_word' id='word_1_92' title='bbox 1088 1554 1213 1619; x_wconf 79' lang='lat' dir='ltr'>Athenis</span> 
     </span>
     <span class='ocr_line' id='line_1_12' title="bbox 65 1640 1215 1723; baseline -0.002 -17"><span class='ocrx_word' id='word_1_93' title='bbox 65 1652 71 1661; x_wconf 85' lang='lat'><em>&#39;</em></span> <span class='ocrx_word' id='word_1_94' title='bbox 129 1643 207 1706; x_wconf 90' lang='lat' dir='ltr'>euim</span> <span class='ocrx_word' id='word_1_95' title='bbox 222 1649 301 1704; x_wconf 90' lang='lat' dir='ltr'>artes</span> <span class='ocrx_word' id='word_1_96' title='bbox 316 1659 417 1703; x_wconf 89' lang='lat' dir='ltr'>omnes</span> <span class='ocrx_word' id='word_1_97' title='bbox 430 1647 497 1702; x_wconf 91' lang='lat' dir='ltr'>ante</span> <span class='ocrx_word' id='word_1_98' title='bbox 511 1640 645 1702; x_wconf 84' lang='lat' dir='ltr'>excultae</span> <span class='ocrx_word' id='word_1_99' title='bbox 661 1648 746 1720; x_wconf 90' lang='lat' dir='ltr'>atque</span> <span class='ocrx_word' id='word_1_100' title='bbox 760 1641 908 1721; x_wconf 86' lang='lat' dir='ltr'>perlectae</span> <span class='ocrx_word' id='word_1_101' title='bbox 921 1640 1038 1704; x_wconf 85' lang='lat' dir='ltr'>fuerunt</span> <span class='ocrx_word' id='word_1_102' title='bbox 1050 1661 1138 1723; x_wconf 91' lang='lat' dir='ltr'>qnam</span> <span class='ocrx_word' id='word_1_103' title='bbox 1150 1643 1215 1705; x_wconf 86' lang='lat' dir='ltr'>elo-</span> 
     </span>
     <span class='ocr_line' id='line_1_13' title="bbox 130 1719 1215 1809; baseline 0.003 -18"><span class='ocrx_word' id='word_1_104' title='bbox 130 1728 264 1809; x_wconf 89' lang='lat' dir='ltr'>quentiae</span> <span class='ocrx_word' id='word_1_105' title='bbox 283 1726 330 1790; x_wconf 82' lang='lat' dir='ltr'>ris</span> <span class='ocrx_word' id='word_1_106' title='bbox 352 1736 381 1790; x_wconf 93' lang='lat' dir='ltr'>et</span> <span class='ocrx_word' id='word_1_107' title='bbox 401 1727 488 1807; x_wconf 88' lang='lat' dir='ltr'>eopia</span> <span class='ocrx_word' id='word_1_108' title='bbox 512 1735 556 1790; x_wconf 89' lang='lat' dir='ltr'>est</span> <span class='ocrx_word' id='word_1_109' title='bbox 579 1728 749 1807; x_wconf 82' lang='lat' dir='ltr'>elaborata,</span> <span class='ocrx_word' id='word_1_110' title='bbox 778 1746 869 1807; x_wconf 91' lang='lat' dir='ltr'>eaque</span> <span class='ocrx_word' id='word_1_111' title='bbox 889 1735 955 1806; x_wconf 90' lang='lat' dir='ltr'>pest</span> <span class='ocrx_word' id='word_1_112' title='bbox 975 1729 1056 1791; x_wconf 90' lang='lat' dir='ltr'>initia</span> <span class='ocrx_word' id='word_1_113' title='bbox 1069 1719 1215 1794; x_wconf 77' lang='lat' dir='ltr'>subitaria</span> 
     </span>
     <span class='ocr_line' id='line_1_14' title="bbox 50 1813 1216 1895; baseline 0.002 -15"><span class='ocrx_word' id='word_1_114' title='bbox 50 1848 53 1880; x_wconf 83' lang='grc' dir='ltr'><strong>ι</strong></span> <span class='ocrx_word' id='word_1_115' title='bbox 130 1835 199 1879; x_wconf 88' lang='lat' dir='ltr'>scre</span> <span class='ocrx_word' id='word_1_116' title='bbox 219 1816 259 1878; x_wconf 87' lang='lat' dir='ltr'>ad</span> <span class='ocrx_word' id='word_1_117' title='bbox 279 1813 437 1877; x_wconf 83' lang='lat' dir='ltr'>formulam</span> <span class='ocrx_word' id='word_1_118' title='bbox 458 1813 632 1894; x_wconf 87' lang='lat' dir='ltr'>disciplinae</span> <span class='ocrx_word' id='word_1_119' title='bbox 653 1823 808 1895; x_wconf 82' lang='lat' dir='ltr'>revocata,</span> <span class='ocrx_word' id='word_1_120' title='bbox 836 1813 942 1894; x_wconf 81' lang='lat' dir='ltr'>quippe</span> <span class='ocrx_word' id='word_1_121' title='bbox 960 1816 1045 1894; x_wconf 77' lang='lat' dir='ltr'>pacis</span> <span class='ocrx_word' id='word_1_122' title='bbox 1066 1836 1167 1880; x_wconf 89' lang='lat' dir='ltr'>comes</span> <span class='ocrx_word' id='word_1_123' title='bbox 1185 1825 1216 1882; x_wconf 86' lang='lat' dir='ltr'>et</span> 
     </span>
     <span class='ocr_line' id='line_1_15' title="bbox 130 1899 973 1981; baseline 0 -14"><span class='ocrx_word' id='word_1_124' title='bbox 130 1904 207 1967; x_wconf 87' lang='lat' dir='ltr'>bene</span> <span class='ocrx_word' id='word_1_125' title='bbox 221 1903 393 1964; x_wconf 82' lang='lat' dir='ltr'>constitutae</span> <span class='ocrx_word' id='word_1_126' title='bbox 408 1901 534 1965; x_wconf 84' lang='lat' dir='ltr'>civitatis</span> <span class='ocrx_word' id='word_1_127' title='bbox 548 1901 633 1981; x_wconf 91' lang='lat' dir='ltr'>quasi</span> <span class='ocrx_word' id='word_1_128' title='bbox 644 1899 778 1966; x_wconf 76' lang='lat' dir='ltr'>alumnae</span> <span class='ocrx_word' id='word_1_129' title='bbox 799 1922 826 1967; x_wconf 88' lang='lat' dir='ltr'><strong>e.</strong></span> <span class='ocrx_word' id='word_1_130' title='bbox 841 1906 912 1966; x_wconf 90' lang='grc'>6-</span> <span class='ocrx_word' id='word_1_131' title='bbox 922 1906 973 1968; x_wconf 84' lang='grc'><strong>13.</strong></span> 
     </span>
     <span class='ocr_line' id='line_1_16' title="bbox 61 1989 1267 2069; baseline 0.002 -18"><span class='ocrx_word' id='word_1_132' title='bbox 61 1999 64 2002; x_wconf 69' lang='grc'><strong>“</strong></span> <span class='ocrx_word' id='word_1_133' title='bbox 232 1989 356 2052; x_wconf 77' lang='lat' dir='ltr'>Transit</span> <span class='ocrx_word' id='word_1_134' title='bbox 370 1990 409 2051; x_wconf 92' lang='lat' dir='ltr'>ad</span> <span class='ocrx_word' id='word_1_135' title='bbox 422 1998 555 2051; x_wconf 89' lang='lat' dir='ltr'>oratores</span> <span class='ocrx_word' id='word_1_136' title='bbox 563 1990 725 2068; x_wconf 83' lang='lat' dir='ltr'>Romanus,</span> <span class='ocrx_word' id='word_1_137' title='bbox 744 2008 865 2069; x_wconf 92' lang='lat' dir='ltr'>quorum</span> <span class='ocrx_word' id='word_1_138' title='bbox 878 1989 1068 2053; x_wconf 87' lang='lat' dir='ltr'>vetustissimi</span> <span class='ocrx_word' id='word_1_139' title='bbox 1080 1989 1228 2054; x_wconf 82' lang='lat' dir='ltr'>feruntur·</span> <span class='ocrx_word' id='word_1_140' title='bbox 1263 2012 1267 2017; x_wconf 89' lang='lat'><em>·</em></span> 
     </span>
     <span class='ocr_line' id='line_1_17' title="bbox 129 2074 1217 2158; baseline -0.001 -16"><span class='ocrx_word' id='word_1_141' title='bbox 129 2079 167 2144; x_wconf 99' lang='lat' dir='ltr'>L.</span> <span class='ocrx_word' id='word_1_142' title='bbox 182 2076 308 2156; x_wconf 88' lang='lat' dir='ltr'>Brutus,</span> <span class='ocrx_word' id='word_1_143' title='bbox 328 2075 375 2142; x_wconf 94' lang='lat' dir='ltr'>M.</span> <span class='ocrx_word' id='word_1_144' title='bbox 388 2074 545 2155; x_wconf 84' lang='lat' dir='ltr'>Valerius,</span> <span class='ocrx_word' id='word_1_145' title='bbox 565 2077 601 2140; x_wconf 87' lang='lat' dir='ltr'><strong>L.</strong></span> <span class='ocrx_word' id='word_1_146' title='bbox 615 2074 770 2156; x_wconf 85' lang='lat' dir='ltr'>Valerius,</span> <span class='ocrx_word' id='word_1_147' title='bbox 790 2074 903 2155; x_wconf 90' lang='lat' dir='ltr'>Appius</span> <span class='ocrx_word' id='word_1_148' title='bbox 922 2077 1078 2158; x_wconf 85' lang='lat' dir='ltr'>Claudius,</span> <span class='ocrx_word' id='word_1_149' title='bbox 1099 2078 1134 2144; x_wconf 88' lang='lat' dir='ltr'><strong>C.</strong></span> <span class='ocrx_word' id='word_1_150' title='bbox 1152 2078 1217 2141; x_wconf 86' lang='lat' dir='ltr'>Fa-</span> 
     </span>
     <span class='ocr_line' id='line_1_18' title="bbox 129 2161 1216 2245; baseline 0 -16"><span class='ocrx_word' id='word_1_151' title='bbox 129 2164 259 2244; x_wconf 89' lang='lat' dir='ltr'>bricius,</span> <span class='ocrx_word' id='word_1_152' title='bbox 279 2162 562 2242; x_wconf 55' lang='lat' dir='ltr'>attenuarentur,</span> <span class='ocrx_word' id='word_1_153' title='bbox 584 2161 705 2224; x_wconf 89' lang='lat' dir='ltr'>Manius</span> <span class='ocrx_word' id='word_1_154' title='bbox 720 2162 845 2241; x_wconf 89' lang='lat' dir='ltr'>Curius,</span> <span class='ocrx_word' id='word_1_155' title='bbox 865 2162 910 2226; x_wconf 93' lang='lat' dir='ltr'>M.</span> <span class='ocrx_word' id='word_1_156' title='bbox 918 2162 1077 2245; x_wconf 87' lang='lat' dir='ltr'>Popillius,</span> <span class='ocrx_word' id='word_1_157' title='bbox 1099 2164 1134 2231; x_wconf 92' lang='lat' dir='ltr'><strong>C.</strong></span> <span class='ocrx_word' id='word_1_158' title='bbox 1141 2165 1216 2229; x_wconf 82' lang='lat' dir='ltr'>Fla-</span> 
     </span>
     <span class='ocr_line' id='line_1_19' title="bbox 129 2247 1217 2332; baseline 0.001 -17"><span class='ocrx_word' id='word_1_159' title='bbox 129 2252 256 2332; x_wconf 82' lang='lat' dir='ltr'>sninius,</span> <span class='ocrx_word' id='word_1_160' title='bbox 278 2251 317 2328; x_wconf 95' lang='lat' dir='ltr'>Q.</span> <span class='ocrx_word' id='word_1_161' title='bbox 331 2249 484 2312; x_wconf 86' lang='lat' dir='ltr'>Maximus</span> <span class='ocrx_word' id='word_1_162' title='bbox 496 2248 701 2328; x_wconf 86' lang='lat' dir='ltr'>Verrucosus,</span> <span class='ocrx_word' id='word_1_163' title='bbox 721 2249 760 2330; x_wconf 92' lang='lat' dir='ltr'>Q.</span> <span class='ocrx_word' id='word_1_164' title='bbox 772 2247 927 2330; x_wconf 90' lang='lat' dir='ltr'>Metellus,</span> <span class='ocrx_word' id='word_1_165' title='bbox 948 2253 1002 2314; x_wconf 90' lang='lat' dir='ltr'>sed</span> <span class='ocrx_word' id='word_1_166' title='bbox 1015 2253 1217 2331; x_wconf 89' lang='lat' dir='ltr'>quorumunl-</span> 
     </span>
     <span class='ocr_line' id='line_1_20' title="bbox 130 2332 688 2417; baseline -0.005 -16"><span class='ocrx_word' id='word_1_167' title='bbox 130 2338 178 2403; x_wconf 90' lang='lat' dir='ltr'>lus</span> <span class='ocrx_word' id='word_1_168' title='bbox 192 2338 231 2401; x_wconf 86' lang='lat' dir='ltr'>sit</span> <span class='ocrx_word' id='word_1_169' title='bbox 240 2358 294 2417; x_wconf 91' lang='lat' dir='ltr'>pro</span> <span class='ocrx_word' id='word_1_170' title='bbox 308 2343 424 2400; x_wconf 88' lang='lat' dir='ltr'>oratore</span> <span class='ocrx_word' id='word_1_171' title='bbox 437 2336 572 2400; x_wconf 80' lang='lat' dir='ltr'>habituse</span> <span class='ocrx_word' id='word_1_172' title='bbox 593 2356 620 2402; x_wconf 87' lang='lat' dir='ltr'><strong>e.</strong></span> <span class='ocrx_word' id='word_1_173' title='bbox 636 2332 688 2398; x_wconf 81' lang='lat'>14.</span> 
     </span>
    </p>

    <p class='ocr_par' dir='ltr' id='par_1_6' title="bbox 131 2423 1272 2751">
     <span class='ocr_line' id='line_1_21' title="bbox 236 2423 1272 2508; baseline 0.001 -20"><span class='ocrx_word' id='word_1_174' title='bbox 236 2425 353 2488; x_wconf 85' lang='lat' dir='ltr'>Primus</span> <span class='ocrx_word' id='word_1_175' title='bbox 372 2444 461 2503; x_wconf 84' lang='lat' dir='ltr'>vero,</span> <span class='ocrx_word' id='word_1_176' title='bbox 491 2424 527 2486; x_wconf 92' lang='lat' dir='ltr'>de</span> <span class='ocrx_word' id='word_1_177' title='bbox 548 2443 604 2504; x_wconf 90' lang='lat' dir='ltr'>quo</span> <span class='ocrx_word' id='word_1_178' title='bbox 623 2423 782 2487; x_wconf 86' lang='lat' dir='ltr'>memoriae</span> <span class='ocrx_word' id='word_1_179' title='bbox 795 2423 834 2486; x_wconf 88' lang='lat' dir='ltr'>sit</span> <span class='ocrx_word' id='word_1_180' title='bbox 848 2425 1012 2506; x_wconf 89' lang='lat' dir='ltr'>proditum,</span> <span class='ocrx_word' id='word_1_181' title='bbox 1035 2423 1217 2508; x_wconf 89' lang='lat' dir='ltr'>eloquentem</span> <span class='ocrx_word' id='word_1_182' title='bbox 1266 2482 1272 2489; x_wconf 89' lang='grc'><strong><em>,</em></strong></span> 
     </span>
     <span class='ocr_line' id='line_1_22' title="bbox 131 2509 1217 2592; baseline 0 -15"><span class='ocrx_word' id='word_1_183' title='bbox 131 2511 243 2592; x_wconf 84' lang='lat' dir='ltr'>luisse,</span> <span class='ocrx_word' id='word_1_184' title='bbox 263 2521 308 2575; x_wconf 91' lang='lat' dir='ltr'>est</span> <span class='ocrx_word' id='word_1_185' title='bbox 320 2511 365 2576; x_wconf 87' lang='grc' dir='ltr'>Μ.</span> <span class='ocrx_word' id='word_1_186' title='bbox 378 2509 531 2575; x_wconf 86' lang='lat' dir='ltr'>Cornelius</span> <span class='ocrx_word' id='word_1_187' title='bbox 544 2510 709 2592; x_wconf 83' lang='lat' dir='ltr'>Cethegus,</span> <span class='ocrx_word' id='word_1_188' title='bbox 730 2532 815 2591; x_wconf 87' lang='lat' dir='ltr'>quem</span> <span class='ocrx_word' id='word_1_189' title='bbox 828 2513 942 2592; x_wconf 85' lang='lat' dir='ltr'>excepit</span> <span class='ocrx_word' id='word_1_190' title='bbox 955 2513 1000 2578; x_wconf 87' lang='lat' dir='ltr'>M.</span> <span class='ocrx_word' id='word_1_191' title='bbox 1014 2512 1103 2592; x_wconf 91' lang='lat' dir='ltr'>Cato,</span> <span class='ocrx_word' id='word_1_192' title='bbox 1129 2515 1217 2577; x_wconf 79' lang='lat' dir='ltr'>euius</span> 
     </span>
     <span class='ocr_line' id='line_1_23' title="bbox 134 2597 1219 2682; baseline 0.003 -19"><span class='ocrx_word' id='word_1_193' title='bbox 134 2597 316 2681; x_wconf 83' lang='lat' dir='ltr'>eloquentiae</span> <span class='ocrx_word' id='word_1_194' title='bbox 336 2607 364 2661; x_wconf 88' lang='lat' dir='ltr'>et</span> <span class='ocrx_word' id='word_1_195' title='bbox 381 2615 494 2661; x_wconf 90' lang='lat' dir='ltr'>summa</span> <span class='ocrx_word' id='word_1_196' title='bbox 508 2597 644 2659; x_wconf 84' lang='lat' dir='ltr'>tribuitur</span> <span class='ocrx_word' id='word_1_197' title='bbox 658 2598 725 2660; x_wconf 88' lang='lat' dir='ltr'>laus</span> <span class='ocrx_word' id='word_1_198' title='bbox 741 2607 769 2661; x_wconf 90' lang='lat' dir='ltr'>et</span> <span class='ocrx_word' id='word_1_199' title='bbox 784 2599 916 2663; x_wconf 86' lang='lat' dir='ltr'>defensio</span> <span class='ocrx_word' id='word_1_200' title='bbox 930 2608 1052 2679; x_wconf 87' lang='lat' dir='ltr'>paratur</span> <span class='ocrx_word' id='word_1_201' title='bbox 1065 2599 1219 2682; x_wconf 78' lang='lat' dir='ltr'>oninique</span> 
     </span>
     <span class='ocr_line' id='line_1_24' title="bbox 133 2684 743 2751; baseline -0.007 -1"><span class='ocrx_word' id='word_1_202' title='bbox 133 2686 308 2751; x_wconf 84' lang='lat' dir='ltr'>recentioris</span> <span class='ocrx_word' id='word_1_203' title='bbox 321 2685 388 2749; x_wconf 85' lang='lat' dir='ltr'>aeri</span> <span class='ocrx_word' id='word_1_204' title='bbox 399 2684 527 2747; x_wconf 77' lang='lat' dir='ltr'>iudicia:</span> <span class='ocrx_word' id='word_1_205' title='bbox 548 2704 574 2746; x_wconf 90' lang='lat' dir='ltr'>e.</span> <span class='ocrx_word' id='word_1_206' title='bbox 589 2685 681 2750; x_wconf 85' lang='grc'>15-</span> <span class='ocrx_word' id='word_1_207' title='bbox 691 2686 743 2747; x_wconf 82' lang='grc'><strong>19.</strong></span> 
     </span>
    </p>

    <p class='ocr_par' dir='ltr' id='par_1_7' title="bbox 134 2768 1257 3633">
     <span class='ocr_line' id='line_1_25' title="bbox 237 2768 1218 2856; baseline 0.008 -21"><span class='ocrx_word' id='word_1_208' title='bbox 237 2772 421 2849; x_wconf 64' lang='grc' dir='ltr'><strong>Ιίεᾶιιιιιίιιι</strong></span> <span class='ocrx_word' id='word_1_209' title='bbox 436 2771 613 2849; x_wconf 81' lang='lat' dir='ltr'>temporibus</span> <span class='ocrx_word' id='word_1_210' title='bbox 626 2771 743 2833; x_wconf 88' lang='lat' dir='ltr'>fuerunt</span> <span class='ocrx_word' id='word_1_211' title='bbox 757 2769 791 2838; x_wconf 92' lang='lat' dir='ltr'><strong>C.</strong></span> <span class='ocrx_word' id='word_1_212' title='bbox 803 2768 986 2853; x_wconf 81' lang='lat' dir='ltr'>Flaminius,</span> <span class='ocrx_word' id='word_1_213' title='bbox 1008 2772 1155 2856; x_wconf 72' lang='lat' dir='ltr'>avano,</span> <span class='ocrx_word' id='word_1_214' title='bbox 1177 2775 1218 2854; x_wconf 78' lang='lat' dir='ltr'>Q.</span> 
     </span>
     <span class='ocr_line' id='line_1_26' title="bbox 135 2857 1220 2941; baseline 0.001 -17"><span class='ocrx_word' id='word_1_215' title='bbox 135 2859 309 2938; x_wconf 89' lang='lat' dir='ltr'>Maximus,</span> <span class='ocrx_word' id='word_1_216' title='bbox 334 2860 373 2938; x_wconf 93' lang='lat' dir='ltr'>Q.</span> <span class='ocrx_word' id='word_1_217' title='bbox 393 2857 552 2936; x_wconf 90' lang='lat' dir='ltr'>Metellus,</span> <span class='ocrx_word' id='word_1_218' title='bbox 572 2858 606 2922; x_wconf 93' lang='lat' dir='ltr'>P.</span> <span class='ocrx_word' id='word_1_219' title='bbox 624 2857 785 2938; x_wconf 86' lang='lat' dir='ltr'>Lentulus,</span> <span class='ocrx_word' id='word_1_220' title='bbox 805 2858 840 2923; x_wconf 91' lang='lat' dir='ltr'>P.</span> <span class='ocrx_word' id='word_1_221' title='bbox 851 2858 997 2939; x_wconf 78' lang='lat' dir='ltr'>CrassuS,</span> <span class='ocrx_word' id='word_1_222' title='bbox 1018 2861 1119 2941; x_wconf 87' lang='lat' dir='ltr'>Scipio</span> <span class='ocrx_word' id='word_1_223' title='bbox 1133 2863 1220 2927; x_wconf 86' lang='lat' dir='ltr'>Afri·</span> 
     </span>
     <span class='ocr_line' id='line_1_27' title="bbox 136 2942 1218 3029; baseline 0.006 -20"><span class='ocrx_word' id='word_1_224' title='bbox 136 2950 229 3011; x_wconf 85' lang='lat' dir='ltr'>canus</span> <span class='ocrx_word' id='word_1_225' title='bbox 244 2947 349 3024; x_wconf 87' lang='lat' dir='ltr'>maior,</span> <span class='ocrx_word' id='word_1_226' title='bbox 371 2942 473 3024; x_wconf 88' lang='lat' dir='ltr'>Scipio</span> <span class='ocrx_word' id='word_1_227' title='bbox 492 2943 582 3023; x_wconf 90' lang='lat' dir='ltr'>filius,</span> <span class='ocrx_word' id='word_1_228' title='bbox 604 2945 674 3007; x_wconf 89' lang='lat' dir='ltr'>Sex.</span> <span class='ocrx_word' id='word_1_229' title='bbox 687 2944 802 3026; x_wconf 88' lang='lat' dir='ltr'>Aelius,</span> <span class='ocrx_word' id='word_1_230' title='bbox 818 2945 852 3010; x_wconf 90' lang='lat' dir='ltr'><strong>C.</strong></span> <span class='ocrx_word' id='word_1_231' title='bbox 864 2944 1015 3025; x_wconf 82' lang='lat' dir='ltr'>Sulpicius</span> <span class='ocrx_word' id='word_1_232' title='bbox 1029 2948 1146 3029; x_wconf 89' lang='lat' dir='ltr'>Gallus,</span> <span class='ocrx_word' id='word_1_233' title='bbox 1166 2950 1218 3017; x_wconf 75' lang='lat' dir='ltr'>ri.</span> 
     </span>
     <span class='ocr_line' id='line_1_28' title="bbox 135 3031 1218 3117; baseline 0.003 -21"><span class='ocrx_word' id='word_1_234' title='bbox 135 3033 309 3115; x_wconf 87' lang='lat' dir='ltr'>Gracchus,</span> <span class='ocrx_word' id='word_1_235' title='bbox 333 3039 419 3111; x_wconf 88' lang='lat' dir='ltr'>pater</span> <span class='ocrx_word' id='word_1_236' title='bbox 434 3031 656 3112; x_wconf 84' lang='lat' dir='ltr'>Gracchorum,</span> <span class='ocrx_word' id='word_1_237' title='bbox 681 3032 717 3096; x_wconf 91' lang='lat' dir='ltr'><strong>P.</strong></span> <span class='ocrx_word' id='word_1_238' title='bbox 735 3031 836 3113; x_wconf 86' lang='lat' dir='ltr'>Scipio</span> <span class='ocrx_word' id='word_1_239' title='bbox 855 3032 968 3096; x_wconf 88' lang='lat' dir='ltr'>Nasica</span> <span class='ocrx_word' id='word_1_240' title='bbox 983 3034 1156 3117; x_wconf 86' lang='lat' dir='ltr'>Corculum,</span> <span class='ocrx_word' id='word_1_241' title='bbox 1170 3037 1218 3103; x_wconf 90' lang='lat' dir='ltr'>L.</span> 
     </span>
     <span class='ocr_line' id='line_1_29' title="bbox 134 3118 1217 3201; baseline 0.003 -18"><span class='ocrx_word' id='word_1_242' title='bbox 134 3119 297 3201; x_wconf 90' lang='lat' dir='ltr'>Lentulus,</span> <span class='ocrx_word' id='word_1_243' title='bbox 323 3120 362 3197; x_wconf 92' lang='lat' dir='ltr'><strong>Q.</strong></span> <span class='ocrx_word' id='word_1_244' title='bbox 380 3118 504 3183; x_wconf 85' lang='lat' dir='ltr'>Fulvius</span> <span class='ocrx_word' id='word_1_245' title='bbox 518 3119 668 3200; x_wconf 80' lang='lat' dir='ltr'>Nobilior,</span> <span class='ocrx_word' id='word_1_246' title='bbox 686 3119 726 3185; x_wconf 81' lang='grc' dir='ltr'><strong>Τ.</strong></span> <span class='ocrx_word' id='word_1_247' title='bbox 741 3119 855 3182; x_wconf 89' lang='lat' dir='ltr'>Annius</span> <span class='ocrx_word' id='word_1_248' title='bbox 869 3120 1005 3200; x_wconf 89' lang='lat' dir='ltr'>Luscus,</span> <span class='ocrx_word' id='word_1_249' title='bbox 1023 3123 1060 3187; x_wconf 92' lang='lat' dir='ltr'>L.</span> <span class='ocrx_word' id='word_1_250' title='bbox 1073 3122 1217 3186; x_wconf 80' lang='lat' dir='ltr'>Aemilius</span> 
     </span>
     <span class='ocr_line' id='line_1_30' title="bbox 136 3205 1245 3290; baseline 0.004 -20"><span class='ocrx_word' id='word_1_251' title='bbox 136 3207 276 3270; x_wconf 82' lang='lat' dir='ltr'>Paullus:</span> <span class='ocrx_word' id='word_1_252' title='bbox 295 3227 322 3271; x_wconf 91' lang='lat' dir='ltr'><strong>e.</strong></span> <span class='ocrx_word' id='word_1_253' title='bbox 332 3208 381 3269; x_wconf 85' lang='lat'><strong>19.</strong></span> <span class='ocrx_word' id='word_1_254' title='bbox 395 3209 448 3272; x_wconf 92' lang='grc'><strong>20.</strong></span> <span class='ocrx_word' id='word_1_255' title='bbox 480 3206 593 3268; x_wconf 91' lang='lat' dir='ltr'>Deinde</span> <span class='ocrx_word' id='word_1_256' title='bbox 602 3205 714 3268; x_wconf 88' lang='lat' dir='ltr'>Catone</span> <span class='ocrx_word' id='word_1_257' title='bbox 726 3207 854 3268; x_wconf 87' lang='lat' dir='ltr'>minores</span> <span class='ocrx_word' id='word_1_258' title='bbox 867 3217 936 3269; x_wconf 86' lang='lat' dir='ltr'>natu</span> <span class='ocrx_word' id='word_1_259' title='bbox 948 3207 984 3273; x_wconf 86' lang='lat' dir='ltr'><strong>A.</strong></span> <span class='ocrx_word' id='word_1_260' title='bbox 995 3208 1130 3290; x_wconf 81' lang='lat' dir='ltr'>Albinus,</span> <span class='ocrx_word' id='word_1_261' title='bbox 1151 3210 1219 3276; x_wconf 91' lang='lat' dir='ltr'>Ser.</span> <span class='ocrx_word' id='word_1_262' title='bbox 1239 3232 1245 3241; x_wconf 87' lang='lat'><em>·</em></span> 
     </span>
     <span class='ocr_line' id='line_1_31' title="bbox 136 3289 1257 3377; baseline 0.004 -22"><span class='ocrx_word' id='word_1_263' title='bbox 136 3289 278 3374; x_wconf 80' lang='lat' dir='ltr'>Fulvius,</span> <span class='ocrx_word' id='word_1_264' title='bbox 299 3293 488 3359; x_wconf 68' lang='lat' dir='ltr'>scallabim</span> <span class='ocrx_word' id='word_1_265' title='bbox 500 3293 617 3373; x_wconf 90' lang='lat' dir='ltr'>Pictor,</span> <span class='ocrx_word' id='word_1_266' title='bbox 638 3295 676 3371; x_wconf 93' lang='lat' dir='ltr'>Q.</span> <span class='ocrx_word' id='word_1_267' title='bbox 688 3293 800 3355; x_wconf 83' lang='lat' dir='ltr'>Fabius</span> <span class='ocrx_word' id='word_1_268' title='bbox 812 3294 932 3374; x_wconf 90' lang='lat' dir='ltr'>Labeo,</span> <span class='ocrx_word' id='word_1_269' title='bbox 949 3296 988 3372; x_wconf 90' lang='lat' dir='ltr'>Q.</span> <span class='ocrx_word' id='word_1_270' title='bbox 1006 3295 1161 3377; x_wconf 90' lang='lat' dir='ltr'>Metellus,</span> <span class='ocrx_word' id='word_1_271' title='bbox 1181 3298 1219 3363; x_wconf 92' lang='lat' dir='ltr'><strong>L.</strong></span> <span class='ocrx_word' id='word_1_272' title='bbox 1250 3292 1257 3309; x_wconf 53' lang='lat'><em>³</em></span> 
     </span>
     <span class='ocr_line' id='line_1_32' title="bbox 137 3379 1219 3465; baseline 0.002 -20"><span class='ocrx_word' id='word_1_273' title='bbox 137 3381 241 3460; x_wconf 88' lang='lat' dir='ltr'>Cotta,</span> <span class='ocrx_word' id='word_1_274' title='bbox 266 3400 333 3444; x_wconf 89' lang='lat' dir='ltr'>cum</span> <span class='ocrx_word' id='word_1_275' title='bbox 355 3381 404 3444; x_wconf 89' lang='lat' dir='ltr'>his</span> <span class='ocrx_word' id='word_1_276' title='bbox 426 3380 559 3459; x_wconf 88' lang='lat' dir='ltr'>inprimis</span> <span class='ocrx_word' id='word_1_277' title='bbox 583 3380 749 3460; x_wconf 88' lang='lat' dir='ltr'>eloquentes</span> <span class='ocrx_word' id='word_1_278' title='bbox 769 3380 826 3443; x_wconf 82' lang='lat' dir='ltr'>viri</span> <span class='ocrx_word' id='word_1_279' title='bbox 838 3380 872 3447; x_wconf 88' lang='lat' dir='ltr'><strong>C.</strong></span> <span class='ocrx_word' id='word_1_280' title='bbox 887 3379 1012 3445; x_wconf 90' lang='lat' dir='ltr'>Laelius</span> <span class='ocrx_word' id='word_1_281' title='bbox 1026 3389 1054 3444; x_wconf 92' lang='lat' dir='ltr'>et</span> <span class='ocrx_word' id='word_1_282' title='bbox 1067 3383 1102 3448; x_wconf 92' lang='lat' dir='ltr'>P.</span> <span class='ocrx_word' id='word_1_283' title='bbox 1115 3384 1219 3465; x_wconf 88' lang='lat' dir='ltr'>Scipio</span> 
     </span>
     <span class='ocr_line' id='line_1_33' title="bbox 135 3466 1251 3552; baseline 0.006 -22"><span class='ocrx_word' id='word_1_284' title='bbox 135 3466 296 3549; x_wconf 84' lang='lat' dir='ltr'>Africanus</span> <span class='ocrx_word' id='word_1_285' title='bbox 309 3467 422 3547; x_wconf 85' lang='lat' dir='ltr'>mirrer,</span> <span class='ocrx_word' id='word_1_286' title='bbox 441 3466 545 3546; x_wconf 89' lang='lat' dir='ltr'>quique</span> <span class='ocrx_word' id='word_1_287' title='bbox 557 3475 620 3530; x_wconf 89' lang='lat' dir='ltr'>arte</span> <span class='ocrx_word' id='word_1_288' title='bbox 632 3467 748 3530; x_wconf 91' lang='lat' dir='ltr'>dicendi</span> <span class='ocrx_word' id='word_1_289' title='bbox 761 3475 788 3530; x_wconf 87' lang='lat' dir='ltr'>et</span> <span class='ocrx_word' id='word_1_290' title='bbox 799 3468 922 3533; x_wconf 83' lang='lat' dir='ltr'>actionis</span> <span class='ocrx_word' id='word_1_291' title='bbox 935 3469 1118 3534; x_wconf 78' lang='lat' dir='ltr'>vehementia</span> <span class='ocrx_word' id='word_1_292' title='bbox 1130 3491 1220 3552; x_wconf 88' lang='lat' dir='ltr'>prae-</span> <span class='ocrx_word' id='word_1_293' title='bbox 1248 3538 1251 3545; x_wconf 72' lang='grc'><strong>,</strong></span> 
     </span>
     <span class='ocr_line' id='line_1_34' title="bbox 137 3550 840 3633; baseline -0.001 -14"><span class='ocrx_word' id='word_1_294' title='bbox 137 3557 251 3632; x_wconf 78' lang='lat' dir='ltr'>stabat,</span> <span class='ocrx_word' id='word_1_295' title='bbox 272 3552 339 3618; x_wconf 91' lang='lat' dir='ltr'>Ser.</span> <span class='ocrx_word' id='word_1_296' title='bbox 355 3552 505 3633; x_wconf 88' lang='lat' dir='ltr'>Sulpicius</span> <span class='ocrx_word' id='word_1_297' title='bbox 518 3554 630 3618; x_wconf 85' lang='lat' dir='ltr'>Galba:</span> <span class='ocrx_word' id='word_1_298' title='bbox 649 3574 677 3620; x_wconf 90' lang='lat' dir='ltr'><strong>c.</strong></span> <span class='ocrx_word' id='word_1_299' title='bbox 687 3550 840 3618; x_wconf 77' lang='lat'><strong>21-24.</strong></span> 
     </span>
    </p>

    <p class='ocr_par' dir='ltr' id='par_1_8' title="bbox 48 3639 1278 4141">
     <span class='ocr_line' id='line_1_35' title="bbox 239 3639 1262 3724; baseline 0.009 -22"><span class='ocrx_word' id='word_1_300' title='bbox 239 3641 407 3720; x_wconf 91' lang='lat' dir='ltr'>Sequuntur</span> <span class='ocrx_word' id='word_1_301' title='bbox 417 3646 513 3701; x_wconf 89' lang='lat' dir='ltr'>aetate</span> <span class='ocrx_word' id='word_1_302' title='bbox 527 3642 565 3704; x_wconf 92' lang='lat' dir='ltr'>L.</span> <span class='ocrx_word' id='word_1_303' title='bbox 578 3649 607 3704; x_wconf 92' lang='lat' dir='ltr'>et</span> <span class='ocrx_word' id='word_1_304' title='bbox 621 3639 674 3720; x_wconf 90' lang='lat' dir='ltr'>Sp.</span> <span class='ocrx_word' id='word_1_305' title='bbox 686 3639 838 3720; x_wconf 89' lang='lat' dir='ltr'>Mummii,</span> <span class='ocrx_word' id='word_1_306' title='bbox 858 3641 913 3723; x_wconf 92' lang='lat' dir='ltr'>Sp.</span> <span class='ocrx_word' id='word_1_307' title='bbox 923 3641 1065 3724; x_wconf 84' lang='lat' dir='ltr'>Albinus,</span> <span class='ocrx_word' id='word_1_308' title='bbox 1084 3643 1123 3709; x_wconf 92' lang='lat' dir='ltr'>L.</span> <span class='ocrx_word' id='word_1_309' title='bbox 1139 3650 1168 3706; x_wconf 89' lang='lat' dir='ltr'>ct</span> <span class='ocrx_word' id='word_1_310' title='bbox 1184 3644 1219 3712; x_wconf 89' lang='lat' dir='ltr'><strong>C.</strong></span> <span class='ocrx_word' id='word_1_311' title='bbox 1257 3702 1262 3717; x_wconf 89' lang='lat'>.</span> 
     </span>
     <span class='ocr_line' id='line_1_36' title="bbox 75 3725 1269 3813; baseline 0.004 -22"><span class='ocrx_word' id='word_1_312' title='bbox 75 3787 79 3796; x_wconf 83' lang='lat'>,</span> <span class='ocrx_word' id='word_1_313' title='bbox 139 3725 251 3791; x_wconf 88' lang='lat' dir='ltr'>Aurelii</span> <span class='ocrx_word' id='word_1_314' title='bbox 272 3727 416 3806; x_wconf 88' lang='lat' dir='ltr'>Orestae,</span> <span class='ocrx_word' id='word_1_315' title='bbox 440 3726 474 3792; x_wconf 91' lang='lat' dir='ltr'>P.</span> <span class='ocrx_word' id='word_1_316' title='bbox 489 3734 518 3788; x_wconf 90' lang='lat' dir='ltr'>et</span> <span class='ocrx_word' id='word_1_317' title='bbox 539 3727 574 3793; x_wconf 87' lang='lat' dir='ltr'><strong>C.</strong></span> <span class='ocrx_word' id='word_1_318' title='bbox 589 3728 724 3809; x_wconf 88' lang='lat' dir='ltr'>Popillii,</span> <span class='ocrx_word' id='word_1_319' title='bbox 750 3727 786 3794; x_wconf 87' lang='lat' dir='ltr'><strong>C.</strong></span> <span class='ocrx_word' id='word_1_320' title='bbox 800 3729 985 3809; x_wconf 77' lang='lat' dir='ltr'>Tuditanus,</span> <span class='ocrx_word' id='word_1_321' title='bbox 1008 3727 1055 3796; x_wconf 93' lang='lat' dir='ltr'><strong>M.</strong></span> <span class='ocrx_word' id='word_1_322' title='bbox 1068 3730 1221 3813; x_wconf 80' lang='lat' dir='ltr'>Octavius,-</span> <span class='ocrx_word' id='word_1_323' title='bbox 1247 3737 1269 3761; x_wconf 82' lang='grc'>’·</span> 
     </span>
     <span class='ocr_line' id='line_1_37' title="bbox 138 3812 1278 3893; baseline 0.004 -15"><span class='ocrx_word' id='word_1_324' title='bbox 138 3813 186 3879; x_wconf 88' lang='grc' dir='ltr'><strong>Μ.</strong></span> <span class='ocrx_word' id='word_1_325' title='bbox 200 3813 343 3876; x_wconf 89' lang='lat' dir='ltr'>Aemihns</span> <span class='ocrx_word' id='word_1_326' title='bbox 354 3812 502 3893; x_wconf 89' lang='lat' dir='ltr'>Lepidus,</span> <span class='ocrx_word' id='word_1_327' title='bbox 518 3815 601 3876; x_wconf 91' lang='lat' dir='ltr'>euius</span> <span class='ocrx_word' id='word_1_328' title='bbox 613 3815 645 3876; x_wconf 90' lang='lat' dir='ltr'>in</span> <span class='ocrx_word' id='word_1_329' title='bbox 658 3815 836 3881; x_wconf 89' lang='lat' dir='ltr'>orationibus</span> <span class='ocrx_word' id='word_1_330' title='bbox 851 3817 912 3882; x_wconf 83' lang='lat' dir='ltr'>ianr</span> <span class='ocrx_word' id='word_1_331' title='bbox 921 3816 1027 3880; x_wconf 81' lang='lat' dir='ltr'>leuitas</span> <span class='ocrx_word' id='word_1_332' title='bbox 1038 3817 1221 3884; x_wconf 85' lang='lat' dir='ltr'>Graecorum</span> <span class='ocrx_word' id='word_1_333' title='bbox 1275 3820 1278 3825; x_wconf 80' lang='grc'><strong>’</strong></span> 
     </span>
     <span class='ocr_line' id='line_1_38' title="bbox 137 3901 1219 3984; baseline 0.006 -22"><span class='ocrx_word' id='word_1_334' title='bbox 137 3909 310 3981; x_wconf 89' lang='lat' dir='ltr'>appareret,</span> <span class='ocrx_word' id='word_1_335' title='bbox 329 3902 370 3979; x_wconf 87' lang='lat' dir='ltr'>Q.</span> <span class='ocrx_word' id='word_1_336' title='bbox 386 3901 558 3980; x_wconf 87' lang='lat' dir='ltr'>Pompeius,</span> <span class='ocrx_word' id='word_1_337' title='bbox 586 3901 624 3966; x_wconf 91' lang='lat' dir='ltr'>L.</span> <span class='ocrx_word' id='word_1_338' title='bbox 637 3901 761 3965; x_wconf 89' lang='lat' dir='ltr'>Cassius</span> <span class='ocrx_word' id='word_1_339' title='bbox 767 3947 778 3983; x_wconf 89' lang='lat'>,</span> <span class='ocrx_word' id='word_1_340' title='bbox 798 3905 856 3967; x_wconf 90' lang='lat' dir='ltr'>due</span> <span class='ocrx_word' id='word_1_341' title='bbox 875 3903 1056 3984; x_wconf 80' lang='lat' dir='ltr'>Caepiones,</span> <span class='ocrx_word' id='word_1_342' title='bbox 1077 3905 1112 3972; x_wconf 94' lang='lat' dir='ltr'>P.</span> <span class='ocrx_word' id='word_1_343' title='bbox 1127 3906 1219 3969; x_wconf 90' lang='lat' dir='ltr'>Cras-</span> 
     </span>
     <span class='ocr_line' id='line_1_39' title="bbox 48 3986 1220 4074; baseline 0.009 -27"><span class='ocrx_word' id='word_1_344' title='bbox 48 3989 52 3993; x_wconf 82' lang='grc'>’</span> <span class='ocrx_word' id='word_1_345' title='bbox 140 4006 208 4066; x_wconf 88' lang='lat' dir='ltr'>sus,</span> <span class='ocrx_word' id='word_1_346' title='bbox 227 3987 335 4052; x_wconf 82' lang='lat' dir='ltr'>Fannii</span> <span class='ocrx_word' id='word_1_347' title='bbox 346 3989 421 4068; x_wconf 85' lang='lat' dir='ltr'>duo,</span> <span class='ocrx_word' id='word_1_348' title='bbox 439 3986 560 4050; x_wconf 87' lang='lat' dir='ltr'>Mucius</span> <span class='ocrx_word' id='word_1_349' title='bbox 575 3987 724 4052; x_wconf 77' lang='lat' dir='ltr'>Scaevola</span> <span class='ocrx_word' id='word_1_350' title='bbox 736 4007 849 4073; x_wconf 73' lang='lat' dir='ltr'>augur,</span> <span class='ocrx_word' id='word_1_351' title='bbox 868 3991 905 4058; x_wconf 91' lang='lat' dir='ltr'>L.</span> <span class='ocrx_word' id='word_1_352' title='bbox 918 3989 1039 4054; x_wconf 78' lang='lat' dir='ltr'>Caelius</span> <span class='ocrx_word' id='word_1_353' title='bbox 1051 3991 1220 4074; x_wconf 80' lang='lat' dir='ltr'>Antipater:</span> 
     </span>
     <span class='ocr_line' id='line_1_40' title="bbox 138 4075 300 4141; baseline 0.037 -6"><span class='ocrx_word' id='word_1_354' title='bbox 138 4093 166 4137; x_wconf 90' lang='lat' dir='ltr'><strong>c.</strong></span> <span class='ocrx_word' id='word_1_355' title='bbox 180 4075 232 4139; x_wconf 80' lang='lat'>25.</span> <span class='ocrx_word' id='word_1_356' title='bbox 247 4077 300 4141; x_wconf 88' lang='grc'><strong>26.</strong></span> 
     </span>
    </p>
   </div>
   <div class='ocr_carea' id='block_1_6' title="bbox 0 0 1361 4748">
    <p class='ocr_par' dir='ltr' id='par_1_9' title="bbox 0 0 1361 4748">
     <span class='ocr_line' id='line_1_41' title="bbox 0 0 1361 4748; baseline 0 0"><span class='ocrx_word' id='word_1_357' title='bbox 0 0 1361 4748; x_wconf 95' lang='lat' dir='ltr'> </span> 
     </span>
    </p>
   </div>
  </div>
 </body>
</html>
