2676 4748
145 318 310 421 a?
562 288 965 433 cursuum!

191 520 415 617 etprolixcs
432 518 600 603 editorum
620 518 755 589 labores
776 520 926 611 undique
946 522 1163 606 contrahant,
1196 530 1236 592 ut
1257 546 1278 591 e

125 706 131 732 ι
191 622 459 711 dissensionibus
485 633 524 692 et
549 624 733 713 ingeniosis
761 626 935 697 erroribus
955 642 1053 695 suom
1075 628 1202 715 fingant
1221 629 1278 710 ,iu-

191 732 335 814 dicium,
350 799 353 809 Α
368 727 459 797 haud
478 727 687 811 incommode
709 730 829 829 copias
846 731 883 824 iu
903 731 1019 821 eadem
1040 733 1163 822 pagina
1179 734 1219 801 'et
1240 735 1277 802 in

190 830 257 903 uria
282 832 382 923 quasi
409 831 526 899 tabula
553 840 770 923 expromptae
793 834 974 907 invenient.
1013 833 1094 917 ,Sed
1118 822 1277 926 quoniam

66 1018 68 1023 ¹
191 937 447 1022 annotationum
461 938 598 1023 illerum
620 937 688 1005 luit
708 937 796 1005 ratio
816 938 1000 1029 bipartita,
1026 940 1123 1029 prius
1139 940 1286 1038 quidem·

100 1049 102 1056 '
190 1064 295 1131 genus
323 1042 373 1125 in·
388 1039 519 1109 damnis
547 1040 709 1123 tollendis
731 1050 950 1133 occupatum,
984 1042 1076 1132 quocl
1093 1045 1194 1114 huius
1216 1068 1276 1114 na·

190 1156 268 1214 tura
288 1146 370 1214 talis
392 1151 472 1227 est,
490 1151 530 1211 ut
547 1145 661 1232 quivis
673 1142 851 1235 subsidiis
862 1147 991 1236 paratis
1006 1146 1058 1213 uti
1071 1149 1182 1217 sciens
1197 1171 1276 1215 con-

189 1248 447 1345 ticere-possit,
473 1252 518 1331 ¹ot
541 1247 577 1312 in
598 1247 708 1316 medio
729 1242 880 1337 positum
906 1249 943 1315 id
966 1241 1009 1316 acl
1030 1270 1145 1319 omnes
1166 1257 1275 1339 patet,

189 1356 282 1423 nolui
308 1347 486 1439 singulari,
503 1356 597 1417 nota·
612 1349 840 1439 distinguam
874 1374 959 1442 quaa
981 1358 1098 1419 contra
1118 1359 1276 1440 spectant

189 1456 428 1539 adnneliorem
454 1444 605 1523 locorum
633 1454 910 1545 explicationem,
938 1456 1035 1525 uncis
1057 1458 1111 1523 vel
1132 1457 1176 1524 cb
1198 1478 1273 1523 cem

187 1560 373 1630 cautionem
396 1557 668 1647 circumscripsi,
702 1558 823 1625 necubi
855 1558 967 1628 editor
994 1580 1113 1627 eorum
1132 1559 1273 1647 culpam
1309 1614 1314 1624 .

42 1712 46 1716 -
187 1664 389 1744 sustineret,
408 1684 503 1751 *quaa
526 1663 601 1753 ipsc
623 1662 879 1733 commisissem.
930 1660 1090 1744 Getarum
1110 1661 1274 1752 quioquid
1319 1690 1321 1695 ·

187 1774 242 1837 est
261 1785 383 1854 operae
404 1787 492 1833 nunc
514 1764 550 1831 in
570 1762 717 1831 Brutum
739 1765 938 1852 impensae,
958 1786 1026 1855 nan
1051 1766 1168 1849 licebit
1193 1765 1276 1833 inde

186 1873 319 1939 tructus
341 1869 536 1959 prohabiles
556 1867 704 1950 lucrari,
728 1866 796 1955 nisi
817 1868 894 1955 quis
911 1890 1050 1958 sparsas
1065 1871 1274 1938 ohservatio-

186 1997 246 2045 nes
273 1975 309 2043 in
335 1994 464 2065 ‘corpus
491 1969 691 2061 disciplinae
717 1977 917 2062 perpetuum
939 1978 976 2037 et
1002 1980 1196 2053 concentum
1218 1972 1273 2041 ‹li-
1315 2016 1316 2022 κ

185 2100 302 2172 gerere
323 2079 466 2157 calleat,
486 2081 694 2162 mentemque
715 2072 840 2150 sudore
860 2071 997 2168 deterso
1018 2073 1134 2145 iubeat
1144 2078 1180 2144 in
1191 2098 1273 2146 con·

20 2162 25 2178 ’
83 2207 86 2211 ·
183 2180 403 2274 templatione
431 2177 612 2246 Tullianae
639 2177 859 2257 humanitatis
882 2185 918 2247 ct
940 2178 1027 2247 artis
1046 2183 1272 2270 requiescere.

145 2310 150 2321 ‘
183 2291 273 2360 Dico
293 2283 507 2374 gratissimas
527 2302 629 2367 curas
650 2281 831 2377 familiaris
851 2283 1144 2372 interpretationis
1165 2309 1186 2354 a
1206 2284 1271 2353 lu-

182 2396 234 2465 ris
254 2389 431 2461 laboribus
451 2393 628 2470 evocatae,
661 2386 718 2452 cui
743 2384 826 2452 licet
846 2384 1068 2477 Euripideum
1090 2390 1189 2457 illum
1210 2393 1270 2458 ua-

20 2536 22 2549 ·
129 2557 132 2561 .
182 2524 282 2587 potor
308 2491 482 2579 coemuntur
516 2487 787 2559 accommodare:
825 2490 923 2557 cuius
950 2490 1011 2580 qui
1040 2493 1090 2563 sit
1115 2496 1209 2562 color
1233 2499 1271 2560 et

78 2678 82 2694 ,
181 2623 286 2683 usus,
313 2616 381 2689 quo
411 2595 522 2662 minas
548 2600 647 2663 vacat
672 2591 825 2662 studiose
852 2602 1137 2680 commonstrare,
1160 2597 1271 2686 siqui·

181 2705 258 2775 lem
279 2723 391 2773 memo
411 2704 527 2769 noster
546 2695 674 2766 dudum
696 2692 740 2763 acl
766 2697 1015 2784 perorationem
1042 2705 1199 2788 spectat,
1227 2720 1271 2767 eo

130 2798 133 2803 ’
180 2806 360 2880 iucundius
389 2793 447 2871 est
473 2798 636 2887 Seyfferti
655 2799 827 2889 specimen
848 2798 1138 2884 elegantissimum
1160 2819 1270 2889 nuper

135 2909 137 2912 ’
181 2914 218 2983 in
238 2908 357 2981 libello
376 2902 582 2973 scholastico
603 2897 811 2988 descriptum
832 2898 1013 2989 appellari.

284 3107 469 3196 Reliquum
489 3110 543 3173 cst
562 3110 603 3172 ut
619 3106 681 3172 los
694 3106 834 3170 conatos
846 3101 1070 3170 faustissimis
1086 3101 1174 3171 rutis
1188 3122 1270 3193 pro·

181 3194 382 3305 siquenm,
408 3219 445 3279 et
464 3210 614 3279 favorem
635 3205 783 3276 iuclicmn
804 3206 1086 3294 intelligentium,
1115 3206 1175 3296 qui
1193 3214 1268 3274 stu-

181 3322 238 3391 dia
264 3311 488 3385 communium
516 3315 710 3381 litterarum
737 3332 841 3379 causa
868 3317 1028 3400 suscepta
1050 3306 1203 3379 consiliis
1229 3314 1268 3376 et

64 3488 68 3493 .
182 3435 320 3518 emenus
338 3421 440 3489 iactis
461 3419 656 3509 proferant,
683 3422 835 3484 amanter
849 3416 1080 3503 impetremus.
1122 3410 1179 3480 Ita
1193 3432 1268 3480 cer-

154 3530 157 3537 ’
182 3533 253 3598 tius
282 3544 517 3615 assequemur,
550 3530 591 3589 ut
613 3521 727 3615 operis
754 3521 854 3588 initia
881 3520 1009 3600 senaim
1030 3516 1075 3586 acl
1094 3515 1210 3583 florem
1230 3520 1268 3583 et

180 3631 407 3704 mamritatem
429 3625 597 3716 perducta
619 3624 842 3697 monumentis
862 3624 982 3717 populi
995 3621 1139 3695 Romani
1154 3621 1267 3689 lucem

182 3739 324 3809 afferant
344 3741 381 3804 et
402 3737 648 3833 ornamentum.

507 3939 939 3969 m
