2676 4748
485 398 488 405 ¹
579 314 667 410 cap.
686 318 746 393 44.
951 422 953 426 Ι
1141 290 1209 393 aaa

118 503 267 586 Nescio,
292 503 442 594 inquam.
492 502 562 574 Sed
581 513 636 574 est
655 478 757 575 eiiam
777 503 819 578 L.
835 503 954 576 Croesi
972 506 1008 575 in
1027 508 1208 577 consulatu

107 617 183 688 ,pro
195 590 418 684 Q.Caepione
429 593 621 662 defensione
634 595 749 662 iuncta
765 616 831 661 non
844 596 968 678 brevis,
987 605 1028 662 ut
1041 594 1208 678 laudatio,

119 692 161 751 ut
176 683 288 750 oratio
309 689 440 764 autem,
466 682 598 765 breviat
634 690 805 772 postremo
819 685 968 749 censoris
985 687 1112 767 oratio,
1139 706 1208 773 qua
1317 708 1322 727 ³

74 816 77 822 ·
120 793 207 839 anno
219 768 605 859 duodequinquagesimo
615 791 700 838 usus
712 777 778 841 est.
821 770 861 839 ln
876 771 930 837 his
940 762 1102 839 'omnihus
1117 773 1210 841 inest
1240 810 1244 818 ,

119 856 257 948 quidam
272 859 347 924 sina
358 859 430 924 ullo
444 858 522 926 iuoo
534 858 689 926 veritatis
704 859 809 927 color.
852 859 1037 946 quinetiam
1057 881 1128 927 cetu
1153 881 1211 928 re-

119 949 239 1016 heusio
259 952 294 1013 et
313 946 459 1012 ambitus
480 946 540 1012 ille
553 945 729 1012 verborum
751 945 800 1033 (si
814 947 864 1011 sio
877 952 1023 1033 περίοδον
1040 883 1210 1035 appeiiari
1245 1003 1248 1008 .

120 1036 252 1124 placet)
264 1041 342 1102 erat
351 1033 441 1123 apud
457 1034 553 1099 illum
567 1040 760 1100 contractus
774 1041 810 1099 et
820 1033 946 1113 brevis,
960 1042 997 1101 et
1009 1035 1045 1101 in
1057 1034 1211 1103 membra

120 1121 309 1212 quaedam,
335 1143 422 1212 quae
440 1129 522 1188 κῶλα
541 1119 663 1190 Graeci
683 1129 820 1204 vocant,
841 1121 1064 1209 dispertiebat
1082 1122 1211 1193 oratio·

155 1283 228 1334 Anu.
249 1281 281 1350 l,
296 1282 337 1333 16.
361 1279 395 1330 oi
411 1278 556 1332 iustitium
572 1281 626 1333 out
637 1278 774 1347 pendium
786 1277 990 1333 intermiserat
1000 1279 1090 1332 colito
1100 1281 1211 1333 munia.

71 1398 73 1402 ,
156 1351 251 1413 Neque
272 1350 380 1402 aliunde
396 1349 544 1401 iloratlano
563 1347 634 1416 sl,
649 1352 681 1418 1,
695 1350 722 1402 8.
739 1351 881 1402 momento
898 1349 959 1403 cito
970 1362 1050 1402 mors
1063 1351 1146 1405 escit
1155 1352 1211 1406 aut

155 1420 286 1472 victoria
301 1421 395 1484 laeto,
411 1420 459 1468 lux
471 1420 631 1479 atterenda]

190 1490 348 1540 defensione
367 1488 472 1547 iuncta]
494 1500 552 1553 pro
572 1482 604 1552 Q.
625 1485 775 1554 Caepionis
796 1487 964 1555 defendens
981 1487 1082 1539 iuncto
1100 1489 1145 1542 cd.
1166 1503 1211 1552 pr.

156 1558 292 1610 omittunt
306 1559 473 1624 defensioue
493 1558 526 1607 Ι).
545 1565 574 1607 et
593 1557 644 1608 Gu-
657 1559 676 1607 1.
692 1558 821 1619 probante
839 1558 957 1625 dioillo,
980 1559 1026 1620 qui
1044 1560 1133 1609 locum
1156 1560 1212 1628 sic,

155 1623 235 1692 quasi
251 1629 371 1679 laudatio
388 1627 518 1689 quaedam
537 1639 592 1677 etna
613 1639 674 1676 cum
689 1627 810 1678 oratione
824 1625 919 1678 Crassi
930 1627 1003 1678 toret
1019 1627 1109 1695 editu,
1134 1629 1212 1681 eooi-

155 1699 264 1762 piebat:
285 1698 342 1748 liet
362 1696 450 1747 etiam
469 1696 504 1746 11·
516 1694 616 1747 Crassi
627 1696 660 1749 in
680 1697 833 1746 aemulata
848 1707 905 1761 pro
919 1696 952 1758 Q.
969 1695 1110 1762 Caepione
1131 1698 1211 1756 (scil.

156 1766 277 1828 oratio);
298 1767 399 1816 iuncte
416 1768 476 1824 (est
496 1777 557 1815 enm
575 1765 626 1818 illa
637 1765 832 1827 caepioniana)
849 1778 907 1815 non
920 1764 1031 1831 treats,
1057 1766 1093 1818 ut
1104 1766 1214 1818 wodo-

156 1837 218 1903 tio‚
234 1837 268 1886 ut
281 1836 378 1886 oratio
391 1837 488 1886 autem
501 1833 606 1884 breuis.
639 1832 739 1885 contra
752 1835 929 1898 wetzelius,
944 1835 979 1886 ab
992 1836 1118 1886 limastio
1128 1835 1210 1887 adiu-
1255 1835 1256 1839 ’

157 1915 221 1958 tus:
247 1906 279 1954 Ι..
295 1903 390 1955 crassi
408 1904 437 1954 in
452 1905 595 1954 consulatu
612 1903 760 1964 (consulis)
776 1915 824 1964 pro
840 1901 992 1968 caepione,
1009 1917 1089 1966 quem
1102 1904 1212 1959 Norita-

158 1988 212 2027 nus
235 1980 433 2039 accusaverat,
464 1973 551 2025 oratio
568 1972 726 2023 defensione
743 1972 871 2024 adiuncta
886 1973 946 2031 (oui
960 1972 1082 2024 defensio
1099 1981 1143 2024 est
1159 1975 1213 2026 ad-

157 2045 282 2108 iuncta),
310 2055 364 2093 non
388 2041 481 2094 brevis
503 2050 562 2106 est,
591 2048 622 2091 ut
639 2041 760 2094 laudatio
780 2041 965 2098 (laudationes
982 2050 1072 2093 autem
1089 2042 1213 2096 breviter

158 2115 284 2164 solebant
305 2110 443 2180 perorari,
469 2124 530 2161 cum
545 2110 726 2163 testimonium
743 2112 928 2175 potiusquam
944 2111 1030 2164 oratio
1046 2124 1109 2162 esse
1127 2113 1212 2164 debe-

73 2224 76 2245 ,
157 2187 251 2248 rent),
276 2181 370 2231 brevis
386 2188 476 2233 autem
492 2189 524 2230 uc
540 2179 627 2231 oratio
643 2180 677 2240 (i.
694 2194 720 2231 e.
737 2181 809 2230 iusto
827 2180 953 2250 brevior,
977 2179 1002 2229 sl
1017 2193 1081 2231 esee
1099 2182 1213 2234 deberet

159 2252 248 2304 oratio
266 2251 347 2308 totius
365 2262 481 2315 causae,
505 2249 688 2300 defensionem
707 2257 735 2298 et
752 2250 933 2300 laudationem
952 2250 1141 2313 praestitura).
1166 2251 1214 2302 si-

158 2321 260 2374 militer
271 2320 433 2370 Schiitzlua:
451 2329 500 2380 pro
513 2319 648 2382 Caepione
662 2318 841 2369 testimonium
854 2318 958 2368 dixisse
972 2317 1100 2369 Crassum
1112 2332 1214 2371 oonsu-

158 2393 232 2452 lem,
261 2400 374 2451 utrmque
397 2387 550 2438 testimonia
572 2400 656 2452 saepe
672 2388 825 2448 dicerentur
842 2389 996 2439 accuratius
1013 2390 1062 2448 (de
1079 2389 1213 2459 oricoli,

161 2462 237 2522 11.),
264 2465 291 2507 et
308 2471 370 2507 eum
385 2458 540 2508 laudatione
557 2455 632 2522 eius,
657 2467 675 2508 a
692 2468 743 2518 quo
761 2455 840 2505 testis
857 2463 933 2505 esset
949 2458 1113 2524 productus,
1144 2470 1214 2509 oon-

160 2528 354 2592 iungerentur,
382 2526 578 2578 oratiunculam
601 2526 636 2576 al>
652 2537 685 2576 eo
701 2524 833 2589 habitam,
855 2536 926 2587 quae
942 2532 973 2574 nc
987 2525 1108 2578 laudatio
1129 2527 1213 2578 testi-

161 2597 252 2647 monio
274 2600 379 2646 annexa
400 2607 453 2645 nou
477 2594 570 2645 brevis
593 2593 692 2660 fuerit,
722 2602 752 2644 nc
774 2593 860 2645 oratio
883 2593 1082 2661 encomiastes,
1107 2595 1133 2644 si
1150 2608 1214 2648 eam

162 2665 281 2716 crassus
306 2671 336 2713 ut
357 2663 501 2727 Caepionis
524 2672 654 2728 patronus
677 2662 833 2730 habuisset,
863 2661 956 2713 brevis
973 2663 1087 2716 dicende
1102 2664 1214 2719 fuisset.

155 2732 198 2786 *ln
221 2737 272 2785 huo
296 2732 474 2794 explicatione
499 2733 561 2797 ipse
583 2732 744 2798 acquiesco:
773 2745 833 2783 cum
848 2732 911 2782 olim
927 2734 1063 2799 legerem,
1090 2735 1214 2787 Sed'eet

161 2802 252 2856 etiem
272 2802 390 2863 (oratio)
413 2804 447 2855 L.
465 2801 564 2854 Orneai
570 2833 580 2869 ,
605 2802 638 2854 in
650 2803 804 2854 aemulata
818 2813 875 2866 pro
892 2802 925 2864 Q.
942 2800 1092 2868 Caepionis
1107 2805 1213 2872 defea-

161 2874 242 2924 sioue
265 2872 354 2924 dictu
395 2872 449 2922 Sed
465 2880 494 2922 et
510 2873 579 2922 hano
596 2879 625 2922 et
640 2871 759 2923 Ellendti
783 2869 981 2939 suspicionem,
1012 2873 1046 2936 Q.
1062 2871 1232 2939 Caepionis.

161 2939 465 3010 coronamentorum,
486 2941 582 2991 merito
598 2941 695 2992 reiecit
710 2941 861 2995 Westerm.
878 2956 905 3005 p.
921 2943 982 2992 116.
1022 2940 1149 3003 [Omnino
1169 2951 1212 2994 te-

162 3013 278 3063 nendum
301 3010 411 3061 insertis
436 3009 603 3077 defensione
625 3010 727 3062 iuncta
749 3023 861 3062 oausam
882 3007 1030 3078 contineri,
1060 3024 1109 3062 our
1125 3013 1215 3065 oratio

163 3093 213 3146 pro
231 3079 365 3141 Caepione
387 3081 476 3130 locum
493 3080 608 3130 medium
625 3089 654 3130 et
670 3079 824 3143 ambiguum
839 3078 911 3129 iuter
927 3081 1108 3131 laudationem
1125 3089 1153 3133 et
1169 3082 1214 3133 lu·
1311 3134 1314 3141 ,

132 3178 135 3184 ·
163 3159 235 3199 stam
257 3147 405 3198 oracionem
427 3149 600 3217 impleverit,
628 3156 657 3201 ei
679 3149 740 3213 part
761 3149 821 3202 iure
839 3147 919 3213 quasi
933 3149 1053 3201 laudatio
1071 3152 1117 3202 vel
1134 3151 1215 3217 quasi

162 3217 251 3272 oratio
268 3216 361 3266 haberi
377 3217 526 3282 potuerit]

198 3285 334 3346 censoris]
356 3287 402 3336 sie
420 3287 480 3338 edd.
501 3284 637 3338 censoria
652 3283 781 3336 Orellius.
815 3284 915 3345 [Cuius
932 3283 1111 3340 coniecturam
1129 3288 1215 3340 mira-

162 3355 189 3408 ri
206 3356 288 3420 libet,
305 3367 366 3405 cum
383 3355 496 3406 formam
512 3355 617 3406 dicendi
633 3355 721 3406 minos
737 3361 860 3419 apertam
876 3367 901 3406 c·
916 3357 961 3422 21,
979 3355 1024 3408 82.
1046 3357 1082 3409 de
1093 3356 1216 3425 inparuit

164 3428 319 3477 oratorum
334 3425 382 3475 ille
398 3437 510 3487 prorsus
526 3424 718 3488 perspexerit]

196 3487 339 3564 περίοδον]
363 3493 409 3545 Sic
425 3494 511 3546 orell.
538 3493 694 3561 periodum
712 3493 773 3544 cdd.
788 3491 850 3542 inde
868 3503 887 3543 a
902 3489 990 3556 princ.

186 3623 219 3680 C.
237 3625 283 3680 44.
302 3630 364 3680 162.
404 3629 525 3681 censoris
550 3627 651 3689 oratio]
693 3627 1038 3696 oeda0rat.·111,⁴8.t.
1062 3640 1090 3681 et
1103 3629 1215 3692 Qnimil.

130 3696 361 3752 Sive-altercatio
376 3709 475 3752 eontra
493 3700 542 3752 (tn.
559 3699 652 3750 Domi·
694 3695 753 3762 lx,
770 3693 804 3763 4,
824 3693 883 3750 124.
902 3699 942 3749 De
962 3702 1216 3766 corapreltenrione

103 3787 106 3791 2
132 3769 200 3820 tium
214 3769 356 3833 collegam.
390 3770 426 3821 V.
441 3770 528 3825 Oratt.
542 3770 654 3834 Fragor.
693 3766 821 3822 monitum
836 3767 920 3818 etiam
931 3768 960 3818 in
972 3783 996 3820 o.
1005 3769 1064 3837 2⁵,
1079 3773 1124 3822 96.

131 3851 163 3904 p.
177 3835 292 3901 litteo.
625 3845 627 3849 ’
746 3837 774 3886 iu
788 3839 921 3898 membra]
939 3836 1215 3891 Nonanaoaccres-

118 3910 126 3927 '
695 3907 858 3968 scalengas
878 3909 1147 3971 comprehensiones,
1166 3907 1216 3958 sed

187 3971 305 4038 ambitus
327 3972 391 4035 ille]
426 3972 502 4025 Orat.
520 3974 572 4042 ot,
590 3973 653 4028 208.
696 3978 852 4039 plerumque
876 3976 1035 4029 conficiebat
1057 3976 1218 4039 periodoso

133 4039 259 4094 iceeoel
269 4042 502 4108 circumscriptio
516 4043 563 4095 eei
575 4055 654 4096 cent·
696 4044 973 4098 oinisrersioassiva
983 4046 1120 4110 nemoris,
1139 4045 1217 4097 Orat.

130 4112 290 4176 prehensio
318 4116 364 4166 ccl
398 4111 579 4166 cannaparia
608 4116 656 4177 =tici
696 4116 748 4178 66,
764 4117 826 4165 22³.
842 4114 1050 4178 quitocuscun
1061 4124 1154 4170 nostrii
1165 4116 1218 4169 (ld-

133 4181 276 4251 multus,
291 4181 319 4236 ti
330 4183 374 4239 ito
385 4184 454 4239 licet
466 4182 574 4239 dicere.
597 4185 656 4239 dd·-
699 4186 745 4237 oet
759 4181 893 4236 mannii.
