2676 4748
128 266 193 399 roo
289 279 296 289 ’
552 322 789 400 unu-rus.

129 519 204 599 nio,
224 512 286 585 scd
300 513 408 593 multo
422 511 558 596 laboro,
579 528 714 604 quoquo
728 512 828 583 modo
842 518 989 605 poterat,
1009 534 1111 606 saepe
1125 515 1220 589 dice·

129 606 201 673 bat.
243 605 291 669 ita
316 623 358 666 ue
371 601 402 667 ei
417 622 543 691 paucae
557 604 730 670 centuriae
743 600 788 669 ad
801 607 1010 684 consulatum
1026 603 1222 687 defuerunt.

128 693 207 761 238.
213 696 219 719 “·
229 689 270 761 G.
321 710 399 754 acer
411 689 612 756 auctoritate
626 712 760 781 semper
773 691 877 775 eguit,
901 689 962 757 sad
973 691 1041 757 fuit
1054 699 1225 778 patronae

129 775 371 868 propemodum
392 774 686 860 diligentissimus.
727 779 828 845 buius
846 781 877 844 si
891 779 973 859 rita,
997 780 1028 844 si
1042 801 1171 860 moros,
1184 779 1224 853 si
1247 834 1249 845 .

130 868 245 933 vultus
261 862 405 950 deniquo
421 884 486 930 non
502 884 631 932 omnem
650 864 967 933 commendationem
983 867 1109 951 ingenii
1125 884 1227 941 ever-

63 978 65 983 *
131 958 239 1033 taret,
269 953 377 1017 maius
396 972 514 1039 nomen
535 952 571 1017 in
592 953 746 1040 patronis
767 955 902 1024 brissei.
940 962 1098 1023 uenerat
1114 953 1226 1020 abun--

130 1040 227 1121 dans,
247 1061 313 1105 uon
326 1039 423 1126 inops*
437 1045 560 1121 tamen,
581 1061 648 1106 nou
660 1039 759 1108 valde
775 1042 896 1122 nitens,
911 1062 978 1106 non
992 1042 1093 1127 plane
1107 1041 1221 1115 borri-

131 1128 177 1209 da
188 1130 316 1207 oratio3
339 1147 411 1207 vox,
423 1133 539 1210 gestus
553 1135 588 1193 et
602 1127 711 1194 omnis
725 1128 812 1193 actio
824 1129 897 1194 sine
910 1129 1043 1216 lepore,
1066 1135 1103 1193 at
1118 1129 1153 1194 in
1165 1130 1220 1195 iu-

129 1212 610 1302 veniendiscomponeudisque
624 1215 725 1281 rebus
738 1216 1022 1283 miraaccuratio:
1043 1221 1082 1281 ut
1093 1216 1225 1293 nonina

131 1305 197 1370 cile
210 1302 245 1367 in
254 1303 324 1367 ullo
333 1299 580 1386 diligentiorem
590 1303 815 1390 maioremque
826 1303 1048 1388 cognoverim,
1063 1301 1123 1368 sed
1132 1324 1224 1382 eam,

129 1388 292 1457 ut-oitius
314 1390 550 1465 veteratoriam
570 1412 669 1477 quarn
691 1392 874 1456 oratoriam
896 1389 1039 1457 diceres.
1078 1390 1132 1455 hic
1149 1392 1226 1465 etsi·

131 1478 234 1543 otiam
246 1476 281 1541 in
295 1474 440 1563 publicis
457 1476 568 1541 causis
585 1475 808 1563 probabatur,
832 1484 944 1543 tamen
966 1477 1001 1541 iu
1018 1474 1162 1564 privatis
1174 1477 1226 1543 ila

131 1564 326 1633 lustriorem
334 1561 508 1629 obtinebat
516 1566 640 1631 iocum.
653 1578 656 1583 '
671 1560 839 1633 LXVIII.
859 1559 1224 1645 meduanum,

165 1713 318 1770 praetorem
343 1717 370 1756 a.
388 1702 451 1755 674.
474 1703 639 1770 intelligens.
665 1703 844 1758 Weicliertus
860 1702 888 1753 in
904 1704 991 1753 Poett.
1007 1692 1116 1766 inrepit.
1131 1696 1226 1766 por:

165 1776 259 1827 nescio
276 1785 328 1837 quo
345 1780 425 1836 pacto
442 1781 566 1838 tempora
575 1773 750 1838 ¹permiscens
768 1772 876 1822 Turium
890 1774 959 1822 hnd'c
973 1772 1226 1824 6111611311οῶ-

166 1848 221 1908 cit,
245 1845 291 1907 qui
306 1855 324 1893 a
341 1844 377 1891 Μ.
395 1842 495 1893 Catone
513 1841 642 1894 Censorio
659 1850 755 1894 contra
771 1842 820 1893 Cu.
840 1842 957 1892 Gellium
974 1843 1101 1893 defensus
1119 1841 1166 1894 sit.

199 1914 291 1973 itaque
307 1911 347 1970 ei]
369 1909 469 1977 ithew
485 1910 515 1962 et
532 1910 574 1961 'ed-
589 1924 632 1974 pr.
1167 1912 1172 1923 '

201 1983 265 2032 238.
299 1978 329 2028 G.
346 1982 452 2039 Macer]
480 1979 590 2037 Cancer
608 1982 650 2031 ed.
668 1990 711 2042 pr.

154 2084 156 2089 .
201 2048 468 2107 commendationem]
492 2050 753 2101 commendatorem
769 2047 811 2096 ed.
827 2057 871 2110 pr.
981 2084 983 2089 .
1178 2090 1182 2096 .

200 2117 352 2175 everteret]
376 2118 531 2168 evertisset
545 2119 609 2167 Em.
628 2117 731 2169 inutilis
748 2116 922 2177 coniectura,-
942 2112 1045 2165 reiecta
1056 2111 1110 2166 iem
1125 2113 1216 2168 sara-

165 2187 254 2253 tonio,
277 2197 357 2248 quem
372 2199 400 2233 v.
417 2185 445 2234 in
460 2189 552 2236 Milon.
565 2187 608 2238 17.
624 2202 651 2251 p.
663 2187 724 2239 217.
759 2186 836 2237 Adde
852 2186 962 2248 zumpt.
978 2184 1005 2246 8.
1020 2183 1080 2237 525.
1097 2192 1125 2234 et
1142 2186 1217 2237 uru-

54 2299 57 2303 ,
165 2255 225 2322 geri
242 2253 498 2321 uateramionpea
515 2255 552 2306 11.
569 2269 596 2319 p.
609 2257 671 2308 217.
684 2268 743 2322 sqq.
1153 2268 1156 2275 ·

199 2324 228 2375 in
243 2318 426 2382 inveniendis]
450 2325 482 2374 in
497 2336 550 2374 om.
567 2325 610 2376 ed.
627 2336 669 2391 pr.

199 2393 244 2444 iaie
259 2393 327 2453 etsi]
349 2391 403 2445 boc
419 2394 475 2445 etei
491 2395 534 2443 ed.
551 2404 593 2457 pr.

141 2566 144 2573 .
180 2531 243 2584 238.
283 2530 315 2582 6.
335 2532 442 2592 Macer]
478 2532 508 2584 6.
529 2530 650 2585 Licinius
743 2525 948 2586 veteratoriam]
972 2528 1083 2580 Orator
1099 2538 1216 2589 remia·

129 2601 224 2652 macer
234 2598 356 2650 tribunus
369 2603 406 2663 pi.
420 2615 446 2652 a.
455 2604 517 2654 681.
540 2603 650 2653 Oratio-
692 2599 772 2663 dere,
789 2602 942 2649 oeterotor
954 2601 1052 2648 fallere
1065 2606 1093 2647 et
1103 2598 1215 2658 decipe-

128 2681 191 2719 nem
215 2670 250 2718 ab
266 2681 308 2719 co
326 2677 383 2720 tum
402 2672 518 2721 habitam
535 2672 651 2720 inseruit
692 2682 723 2720 re
738 2668 821 2729 cupit.
843 2668 874 2717 c.
887 2670 939 2733 21,
956 2668 999 2717 82.
1016 2668 1049 2721 L.
1063 2667 1148 2718 Cotto
1159 2679 1215 2717 oe-

129 2736 416 2790 Saiiuatiusilistoriis
428 2740 501 2788 suis:
518 2752 545 2789 v.
554 2741 651 2789 Velie-
692 2739 809 2790 tero-tot·
822 2739 866 2787 eet
879 2736 1002 2786 babitus.
1037 2734 1069 2786 d.
1081 2734 1213 2803 48,178.

129 2808 172 2856 ius
193 2806 293 2856 Orellii
317 2820 346 2870 p.
369 2810 427 2857 163.
453 2820 510 2871 sqq.
546 2806 650 2858 Deinde
691 2805 1019 2872 RGetbepust'neausie
1032 2803 1153 2868 publicis
1165 2803 1214 2855 rti-

51 2938 52 2941 ,
129 2875 282 2939 praetorius
301 2888 319 2927 a
337 2874 466 2927 Cicerone
485 2885 610 2938 praetore
623 2890 650 2929 a.
691 2875 748 2939 iit,
772 2875 949 2939 inprecatio
968 2875 1041 2925 catis
1058 2875 1213 2925 veterator

128 2944 199 2997 688,
211 2946 418 3006 repetundarum
432 2953 577 3005 accusatus
591 2952 650 3009 est3
690 2942 859 2995 videbatur)
889 2944 918 2994 c.
933 2943 985 3007 75,
1004 2945 1065 2994 261.
1083 2940 1213 3006 splendi-

129 3012 374 3079 condemnationem
392 3023 482 3065 autem
498 3022 584 3064 morte
597 3026 650 3065 vo·
690 3014 757 3065 ᾶαηι
776 3013 918 3077 quondam
940 3012 1110 3078 minimeque
1130 3012 1215 3063 cete·

127 3081 245 3133 lienteria
257 3083 406 3143 praevenit.
430 3085 459 3132 ls
473 3091 500 3132 et
513 3084 649 3135 orationes
689 3083 835 3134 notoriam
846 3083 990 3132 rationem
997 3080 1111 3135 dicendi
1124 3080 1212 3131 tenet.

128 3150 248 3215 scripsit,
266 3164 377 3215 quanam
389 3152 558 3202 levissimum
574 3161 649 3204 extat
691 3152 732 3202 lie
750 3151 838 3200 liinib.
861 3150 904 3216 11,
931 3153 980 3215 16,
1007 3150 1051 3201 53.
1083 3152 1213 3214 acutam,

127 3219 273 3283 contigium
302 3223 347 3278 (v.
370 3221 457 3272 orato.
479 3216 588 3286 Fragm-
619 3236 648 3285 p.
689 3222 857 3281 versutum,
880 3221 1096 3286 veteratorem,
1125 3219 1212 3286 facite

129 3290 217 3351 176.],
241 3295 269 3337 et
288 3291 423 3358 Annales,
448 3289 477 3339 in
490 3293 586 3354 poribus
601 3302 648 3340 res
689 3293 724 3342 ut
749 3289 913 3355 accepitet,
945 3302 1001 3355 quo
1020 3290 1130 3339 occrdte
1147 3287 1213 3339 eice

127 3357 263 3407 Romanas
291 3357 352 3406 Inde
383 3361 417 3409 ab
453 3359 647 3424 antiquissimis
689 3360 747 3410 uilo
767 3358 879 3408 cereseio
900 3359 994 3425 follem
1029 3357 1115 3409 Macri
1128 3357 1213 3421 igitur

126 3425 289 3486 temporibus
310 3428 344 3476 ad
363 3441 440 3478 auam
463 3440 548 3491 usque
569 3436 647 3480 aeta·
689 3428 826 3480 accuratio
840 3428 899 3476 sive
913 3428 1052 3491 diligentia
1065 3427 1128 3476 talis
1140 3435 1212 3493 erat,

126 3503 180 3555 tcru
203 3494 361 3560 enarravit,
395 3507 514 3560 quosque
538 3505 646 3547 veteres
688 3506 719 3549 ut
732 3498 829 3549 rabula
849 3497 938 3559 potius
953 3508 1032 3560 quam
1045 3502 1154 3545 oratore
1167 3496 1213 3547 dl-

125 3562 272 3624 scriptores
285 3561 375 3625 magni
391 3565 576 3616 aestimarunt.
603 3567 646 3617 Gi.
688 3573 839 3631 gnacsset.
867 3562 1225 3632 uidicuiessiiierbeckiun.

125 3630 235 3683 Kransii
255 3631 383 3682 ilistorie.
402 3632 510 3698 Fragm.
538 3651 565 3699 p.
584 3633 644 3686 aet.
688 3636 877 3702 dicSorpfolt
889 3635 966 3686 ea'oet
979 3635 1057 3686 alten
1068 3633 1214 3699 erfobree
1238 3640 1241 3644 '

125 3705 229 3769 rapat
240 3699 369 3752 Niebuhr.
386 3701 424 3752 11.
440 3716 465 3764 p.
480 3707 523 3754 11.
548 3705 600 3756 111.
616 3719 660 3777 pv
686 3718 743 3758 neo
757 3705 889 3754 Menoec.

124 3770 190 3837 ¹2⁵3.
213 3769 284 3821 Nem
304 3772 374 3832 quod
393 3770 488 3831 Cicero
509 3774 646 3836 detege.
740 3773 770 3824 c.
784 3773 827 3823 68.
840 3775 900 3821 239.
935 3768 968 3823 C.
985 3771 1063 3830 Piso]
1094 3767 1212 3823 (1011-

122 3836 146 3903 l,
160 3844 186 3891 2.
197 3850 246 3890 cos
259 3840 442 3906 reprehendit,
459 3841 586 3894 iudicium
600 3843 644 3891 ie·
687 3843 798 3905 porcius
806 3842 869 3891 Piso
882 3840 963 3892 iudex
976 3840 1005 3890 in
1018 3841 1143 3901 causeo.
1151 3842 1212 3893 Ro-

123 3909 161 3961 cit
180 3910 214 3965 de
233 3909 355 3973 oratione
373 3909 442 3960 satis
463 3912 532 3962 dura
548 3919 576 3961 et
591 3911 644 3960 im·
687 3913 738 3963 eeii
757 3911 883 3961 comoedi
901 3923 927 3961 a.
945 3910 1024 3975 678,
1052 3916 1165 3973 praetor
1182 3922 1212 3963 e·

122 3977 214 4038 polita.
259 3980 327 4027 Sunt
352 3984 441 4030 tamen
466 3979 563 4045 quibus
587 3979 643 4028 ini·
740 4014 747 4028 .
770 3981 897 4030 defensor
914 3982 976 4028 Sex.
990 3979 1101 4029 Aebutii
1113 3987 1211 4031 contra

122 4047 202 4108 quius
215 4048 256 4097 de
275 4057 308 4097 eo
326 4047 452 4098 videatur
464 4048 559 4098 cicero
572 4047 643 4097 iudi·
726 4048 831 4100 ecinam
849 4061 875 4099 a.
896 4047 960 4099 685,
983 4049 1078 4097 consul
1098 4060 1124 4097 a.
1145 4049 1209 4100 687.

120 4127 217 4167 casse:
232 4129 262 4164 v.
270 4116 422 4181 weicheri.
438 4116 641 4183 roemiteiiqu.
683 4119 782 4169 Eodem
803 4130 872 4169 auno
884 4115 985 4166 restitit
997 4116 1140 4181 Pompeio,
1162 4116 1210 4179 oui

116 4195 143 4244 p.
159 4182 219 4235 101.
236 4192 264 4235 et
276 4185 427 4241 Westem.
444 4199 472 4250 p.
483 4180 546 4243 227.
682 4187 825 4256 imperium
844 4185 908 4239 belli
928 4184 1036 4250 piratici
1054 4199 1104 4250 per
1119 4184 1221 4255 tietb.

1013 4384 1026 4411 Ι
