2676 4748
543 279 692 388 ‚5⁰⁸ss
712 280 816 355 74·ἑῖ
1010 358 1012 363 ,
1160 274 1236 355 ΞΒ

139 469 229 538 vitas
250 466 344 536 voris
363 469 401 535 ot
419 465 506 536 lovis
530 470 726 558 appellatio·
739 469 932 538 litterarum
952 464 1046 536 beno·
1061 469 1230 558 loquendi

139 558 262 623 lamam
278 555 479 626 confecerat.
524 555 644 641 cona,
671 559 752 647 quio
765 579 804 624 so
818 557 917 624 'valde
929 555 1112 624 dilatandis
1127 559 1229 625 litteo

136 646 187 710 ris
207 667 228 709 a
248 640 469 710 similitudino
490 643 639 712 Graecae
657 644 838 713 locutionis
859 641 1089 726 abstraxerat,
1121 654 1227 712 sonas

135 733 261 819 batque
285 732 489 798 contrarium
508 728 633 800 Catulo
653 733 852 819 subagreste
874 731 1033 820 quiddam
1052 735 1225 820 planeque>

135 819 384 901 subrusticum,
405 819 472 886 alia
485 818 619 907 quidem
634 821 733 909 quasi
747 821 876 887 inculta
891 827 927 887 et
941 820 1093 888 silvestri
1105 820 1158 889 viu
1174 818 1223 888 od·

201 975 290 1038 levis]
314 976 359 1026 sic
377 978 419 1028 ed.
435 990 477 1039 pr.
495 975 515 1026 i.
532 990 557 1027 e.
573 976 673 1030 laeuis.
707 978 739 1029 ld
756 985 902 1041 occuparat
914 976 1060 1028 Santeuius
1073 977 1100 1027 iu
1115 979 1224 1039 rerem,

144 1042 236 1097 'tlon
259 1061 284 1106 ll·
298 1044 358 1097 247.
391 1046 466 1098 lenis
487 1046 563 1110 vulg.
598 1049 639 1098 De
662 1060 774 1112 quarum
792 1060 890 1097 vocum
906 1046 1101 1108 permutatione
1117 1047 1230 1115 dictum,

153 1114 198 1173 ‘ln
215 1128 240 1163 c.
255 1114 380 1181 25,·oo.·
407 1114 451 1165 Cf.
468 1115 560 1183 cuod,
575 1117 637 1168 133.
667 1118 711 1168 lle
727 1130 797 1167 sono
813 1114 892 1167 cocis
908 1117 939 1167 et
954 1115 1101 1166 suavitate
1117 1119 1217 1181 appel·

164 1185 322 1236 modorum
336 1182 524 1251 intereram,
546 1185 682 1250 quoniam
699 1184 791 1250 fillum
805 1184 983 1253 coynwistt,
1006 1185 1065 1235 nole·
1079 1188 1224 1249 oupertus

160 1264 203 1303 ee
227 1253 296 1318 qaod
319 1253 422 1305 dicant.
456 1254 587 1324 nouitas,
614 1254 739 1322 qnoniam
756 1255 902 1309 lenitatem
920 1266 972 1306 sus
993 1262 1089 1318 sponte
1108 1255 1225 1323 promit,

166 1323 257 1385 magis
274 1321 382 1371 videtur
399 1323 554 1377 convenire.
648 1350 651 1355 ·
773 1376 776 1383 ,
1218 1370 1224 1379 .

170 1391 266 1454 'uuis
282 1393 327 1451 se]
353 1391 404 1456 qni
419 1391 578 1461 Ernestlns,
601 1382 768 1454 improbante
786 1389 927 1443 Schiitzio.
963 1387 1059 1441 Cicero
1078 1391 1155 1440 modo
1171 1386 1225 1463 lli-j

166 1467 261 1526 xerat,
290 1461 399 1512 landem
423 1460 566 1511 locutionis
591 1463 749 1513 amendatos
773 1468 853 1525 atque
876 1456 991 1511 Latinae
1010 1460 1140 1522 quondam
1162 1470 1219 1510 nou

164 1529 253 1580 tuisse
271 1530 386 1581 rationis
406 1529 617 1590 autumantium,
642 1531 690 1581 sed
707 1531 794 1581 honac
808 1527 1028 1647 consnekudinim
1046 1541 1108 1579 cum
1119 1540 1220 1589 eorum·

163 1598 258 1664 multi,
277 1611 363 1662 pcncs
380 1611 448 1663 qnos
463 1598 514 1663 illa
527 1599 591 1663 laus
607 1599 722 1665 luisset,
742 1600 850 1650 litteras
862 1612 911 1648 nes
929 1597 1018 1648 ierint.
1052 1598 1097 1649 Sic
1111 1592 1221 1651 dicut.

163 1667 260 1734 ninus,
288 1666 419 1734 Catulus,
447 1665 540 1735 Cotta,
571 1663 730 1732 quamquam
746 1669 829 1719 rudos
851 1675 930 1719 erant
946 1662 1114 1731 littorarnni,
1144 1660 1213 1727 hooc
1306 1704 1313 1717 .

162 1734 236 1798 loqui
259 1735 489 1788 cxistlmabantur.
529 1737 649 1796 [Profuit
664 1736 761 1789 Cottae
779 1737 887 1800 species
904 1733 1047 1787 locutionis
1064 1720 1220 1802 popularis}

164 1817 183 1854 a
206 1816 259 1866 qna
280 1806 398 1868 suspicio
423 1806 651 1877 Graecanicarum
674 1807 772 1858 artium
790 1807 909 1856 abesset.
944 1806 987 1854 lta
1003 1816 1084 1877 qnam
1098 1811 1164 1864 prae
1177 1812 1221 1854 'so-

161 1874 269 1927 lerebat
281 1875 379 1925 fortem
396 1883 425 1926 et
440 1874 571 1925 rusticam
586 1886 712 1927 sonorum
724 1875 898 1940 vastitatem,
913 1876 1120 1938 taquamquam
1133 1871 1212 1929 auri-

161 1942 214 1991 nus
228 1944 350 1993 venustis
367 1943 459 1995 debuit
474 1944 634 2013 displicere,
656 1952 747 1997 tamen
763 1945 829 2004 (noc
844 1952 889 2019 est
906 1942 977 1995 enim
993 1941 1122 2008 onmem]
1139 1942 1212 1993 alte-
1267 1963 1281 2011 ,¹
1329 1929 1333 1935 ’

163 2022 222 2061 ram
240 2012 329 2063 laudis
345 2015 476 2064 rationem
493 2015 673 2074 ostendebat]

136 2124 139 2129 .
196 2080 255 2131 alia
278 2083 398 2144 quidem]
422 2084 490 2133 'olm
512 2084 636 2148 quadam
658 2081 812 2145 Manutius,
838 2095 918 2145 quem
941 2079 1036 2143 plures
1053 2085 1210 2143 sequuntur.

159 2150 215 2201 Sed
231 2151 366 2212 particula
382 2153 501 2204 retertur
518 2152 669 2205 sententiae
685 2151 875 2218 praecedenti:
897 2151 949 2205 sed
966 2151 1063 2203 tamen
1077 2147 1211 2202 eoooitoo

177 2287 337 2348 appellatio]
346 2288 368 2336 l.
376 2285 599 2349 opronuucialio.
607 2288 648 2336 De
743 2300 762 2338 a
776 2286 963 2347 similitudine]
987 2280 1211 2354 liraec'ilittoras

124 2365 179 2421 quo
192 2356 290 2404 dictum
302 2356 331 2404 in
343 2355 417 2416 aad,
425 2357 485 2407 133.
503 2356 648 2412 concitate
689 2351 832 2405 iucundius
847 2353 1077 2424 pronunciabant,
1099 2367 1211 2419 quornm

124 2423 561 2488 appellandarnmlitterorum,
656 2426 658 2433 '
690 2424 831 2485 eloquendi
868 2423 937 2474 ratio
973 2423 1063 2473 levius
1079 2484 1081 2489 Ι
1098 2429 1210 2474 sonaret

177 2492 276 2540 lamam
290 2493 458 2549 coniecerat]
477 2490 588 2541 Dicendi
599 2504 648 2543 ra-
689 2492 831 2553 quiddam:
861 2505 921 2540 cnm
941 2492 1120 2551 Romanorum
1141 2490 1209 2559 ipsis

126 2558 225 2608 tionem
247 2559 386 2624 conficere
406 2562 514 2628 samam
528 2574 545 2612 a
559 2560 648 2611 Grae·
689 2561 766 2610 souis
779 2566 854 2610 esset
866 2560 972 2618 durior,
996 2561 1085 2611 iudice
1097 2559 1208 2621 Quintil.

125 2627 440 2694 cismanasselputabat
468 2632 591 2692 Muretus
609 2630 646 2681 V.
688 2630 762 2696 ΧΗ,
785 2631 835 2696 10,
858 2631 902 2682 27.
936 2629 1038 2689 [liuius
1057 2627 1210 2679 testimonio

124 2697 285 2765 LecltVIl,
299 2700 341 2750 16.
359 2699 442 2751 allato
455 2699 647 2764 PlatAooloffi.
688 2698 714 2749 si
745 2708 871 2763 putamus
900 2699 1044 2764 utendum,
1078 2696 1210 2759 immerito

124 2779 152 2830 p.
165 2769 208 2823 20.
221 2766 255 2816 Ι).
279 2758 370 2832 iisset
382 2769 515 2834 πεποίηκε
531 2762 563 2821 τό
582 2761 646 2821 dno-
686 2765 768 2825 Cotta
790 2768 970 2837 reprehensus
994 2774 1038 2818 cst
1059 2765 1089 2818 in
1113 2771 1148 2818 oa
1167 2779 1212 2833 re,

122 2853 174 2903 μα.
192 2836 397 2888 sednaecdoml
408 2839 591 2897 uosmdautur
597 2837 645 2891 ti-
687 2851 768 2903 qnam
785 2850 862 2901 nomo
875 2839 1013 2889 mutuus
1032 2835 1132 2888 iniuria
1148 2848 1209 2887 aer-

122 2904 224 2956 ceroui.
687 2906 775 2959 monis
796 2907 940 2958 vernaculi
962 2905 1049 2970 potuit
1075 2904 1208 2957 devitare.

175 2973 268 3034 Cotta]
292 2974 329 3024 V.
343 2987 368 3024 o.
381 2975 425 3024 36.
687 2977 758 3029 Nam
777 2974 956 3036 Quintilianus
975 2975 1080 3026 omnino
1098 2973 1208 3037 hilario-

173 3041 318 3094 dilatandis
329 3042 444 3103 littoris]
460 3043 501 3093 De
509 3043 645 3112 Orotlll,
686 3059 745 3097 rem
763 3053 792 3094 ct
808 3045 973 3096 vocaliorem
992 3044 1129 3095 contendit
1145 3054 1209 3109 esse

123 3110 167 3161 11.
189 3111 223 3161 11·
238 3111 323 3162 Cotta
338 3113 469 3178 candere
479 3113 550 3164 mitt
562 3112 646 3165 oide-
687 3116 821 3167 Graecam
832 3114 1023 3180 elocutionem,
1040 3112 1088 3164 vix
1100 3119 1132 3164 ut
1145 3111 1208 3181 imi-

121 3181 175 3231 tar
200 3181 348 3246 yraoitote
379 3182 495 3248 linum
518 3195 644 3249 sonoque
686 3184 783 3236 lationi
797 3185 873 3233 locus
887 3183 938 3246 sit;
969 3183 1208 3247 eamqueoltcau·

120 3248 200 3299 cocis
219 3250 347 3316 aureati,
369 3254 400 3303 et
417 3251 492 3302 illud
505 3253 581 3318 qaod
598 3253 644 3302 lo·
686 3266 745 3304 sam
757 3237 993 3317 memmerunt,
1010 3251 1115 3315 quoties
1129 3244 1208 3303 dulce

121 3318 225 3384 cottam
239 3319 371 3384 procum
387 3318 481 3371 cisum
494 3321 537 3373 iri
546 3322 644 3386 potat,
684 3334 795 3373 carmen
807 3321 917 3373 allicere
930 3320 1075 3384 voluerint,
1092 3321 1207 3387 Graccis

120 3386 148 3438 oi
163 3389 250 3452 plane
268 3388 365 3454 faerit
376 3392 568 3441 rusticanum.
600 3391 642 3441 ln.
683 3391 712 3441 id
718 3389 868 3441 nominibus
876 3401 1016 3441 exornare.
1032 3390 1136 3441 Verum
1143 3402 1207 3453 pro-

120 3469 147 3506 o.
163 3459 205 3506 12.
222 3459 320 3520 Quare
332 3455 418 3508 Cotta
430 3462 531 3512 noster
541 3472 643 3509 -non
684 3460 831 3512 babdlores
848 3459 911 3511 olim
931 3459 1015 3510 habiti
1032 3467 1095 3513 suut
1112 3467 1207 3510 orato·

120 3524 192 3575 satit
203 3529 339 3577 oratores
352 3527 489 3593 antiquae
503 3530 554 3580 sed
566 3541 643 3579 mer-
684 3542 748 3594 res,
769 3527 814 3592 qui
834 3530 935 3579 nudem
947 3528 1115 3582 urmcarum
1130 3529 1205 3579 litte-

118 3606 203 3644 soree
215 3596 333 3646 videtur
345 3595 469 3648 imitari.
493 3598 642 3662 Quint-xl,
684 3610 777 3650 rarum
806 3597 1030 3661 significationem
1055 3599 1216 3649 ‘umbrasse

85 3699 89 3705 .
119 3665 155 3728 3,
181 3664 223 3713 10.
254 3665 414 3716 Verborum
436 3668 525 3732 mone
550 3666 659 3730 ipsias
684 3666 865 3717 scholasticae
887 3668 997 3718 demut:
1027 3680 1057 3719 v.
1075 3669 1110 3719 de
1130 3668 1215 3718 ortt.-

118 3732 207 3784 ettam
219 3734 473 3800 contractionum,
488 3735 658 3787 utL.Got·--
684 3735 730 3799 ll,
746 3737 774 3798 7,
790 3737 834 3788 28.
857 3738 908 3800 36,
925 3736 986 3787 tta.
1009 3749 1132 3801 quaeque
1148 3743 1217 3785 tra-z

119 3803 182 3853 tam
193 3801 267 3852 dicit
280 3802 381 3854 Cicero
398 3804 519 3872 secuse,
542 3804 643 3855 imita-
684 3803 800 3855 didimus
811 3804 873 3856 hist.
885 3799 937 3856 litt.
948 3807 1026 3856 Rom.
1042 3819 1069 3866 p.
1083 3803 1126 3854 ²⁵.
1149 3803 1214 3867 igi--

118 3871 227 3922 tionem
235 3871 575 3939 antiquitatisuffectoat.
592 3872 642 3923 oi·
685 3881 729 3925 tur
747 3872 827 3925 Cotta
851 3877 995 3939 promentes·
1020 3873 1216 3937 antiquitates.

119 3940 276 3991 tutationem
289 3945 378 3993 autom
390 3942 643 4009 litterarum,qussi
685 3942 845 3996 simulabat:
871 3950 901 3993 ut
921 3942 988 3993 uilil
1012 3943 1071 3992 tere
1093 3943 1205 3993 recede-

118 4004 310 4074 πλατειασμὸν
324 4014 473 4074 qnondam,
491 4012 587 4062 Cicero
600 4013 647 4063 De·
684 4021 728 4064 oct
744 4025 762 4063 a
786 4012 909 4074 populari
931 4010 1122 4076 simplicitate,
1156 4021 1216 4059 nec·

118 4078 197 4139 oruc.
211 4079 257 4142 ll,
275 4083 326 4146 22,
344 4083 390 4133 ot.
405 4082 562 4135 cordurum
573 4081 644 4134 latt-
683 4095 769 4143 soors
788 4083 939 4135 nmmalem
963 4080 1118 4133 ineundum
1139 4079 1208 4132 erui·

118 4147 249 4200 tutorem
263 4158 353 4202 vocat.
421 4183 426 4194 .
480 4174 524 4195 -ι-
590 4190 596 4199 .
685 4153 786 4213 neret]
865 4188 873 4203 .
1076 4172 1079 4177 ·
1156 4194 1163 4203 .
1209 4192 1215 4203 .
