2676 4748
115 334 183 407 1⁰⁰
534 318 779 395 tauros·

115 512 295 593 nuiio'it
304 506 476 583 orationes
495 520 578 583 sunt
588 517 625 579 et
638 519 710 580 troo
724 508 769 576 od
779 508 823 581 t.
835 502 1006 577 Fufidium
1022 503 1106 573 libri
1117 506 1207 575 seri.

141 612 171 677 ti
190 608 235 676 de
256 605 329 673 vita
350 604 462 693 ipsius
483 613 558 669 eota
574 599 793 682 sedentiles,
822 618 909 685 quoa
923 615 1019 661 nomo
1033 595 1139 681 legit:
1165 598 1207 662 ad

115 632 206 781 {pri
225 694 330 763 eitum
353 698 391 757 ot
408 688 773 781 ddseipliuorniegunt,
793 686 1002 775 praeclarum
1017 683 1113 749 iilum
1126 682 1208 771 qui-

118 784 216 866 dam,
253 779 315 848 sed
336 796 452 867 nequo·
466 784 537 845 taur
559 776 662 844 mbos
683 774 813 841 nostris
836 779 973 863 optem,
1004 792 1066 837 nee
1088 778 1207 839 temes

138 954 156 985 ;·
189 938 279 1001 [aota]
301 934 420 987 tlolesto
435 945 507 1001 vox,
524 946 605 998 quom
619 940 651 985 ot
666 930 787 983 inutilem
803 928 926 981 resecari
938 929 1078 981 iusserunt
1088 928 1207 983 Celeres

153 1016 200 1071 et,
228 1006 274 1069 qui
296 1003 464 1057 ratiunculas
479 1005 609 1065 quosdam
627 1004 660 1052 de
677 1001 756 1049 vocis
772 1000 875 1061 origine
895 1000 1078 1063 exprompsit,
1101 1000 1206 1050 Biller-

120 1074 129 1083 '
146 1074 281 1127 'beckioa
313 1071 472 1123 Solidizidlo
484 1072 636 1135 scripturae
648 1068 792 1133 librorum,
808 1078 920 1130 quornm
936 1068 969 1117 D.
986 1069 1038 1116 (iu.
1055 1070 1137 1135 opta,
1153 1068 1206 1119 ox.

155 1146 225 1210 apte
240 1140 386 1207 praebent,
411 1140 448 1192 ad
462 1140 647 1190 oooi'eotorem
660 1138 843 1200 perduxerunt
858 1138 944 1186 lano:
967 1137 1073 1201 scripti
1089 1136 1126 1189 de
1141 1137 1209 1189 odia

155 1212 249 1279 ipsias
272 1210 358 1275 apte,
382 1218 419 1261 at·
433 1220 505 1261 roae
521 1208 630 1265 atiteer
657 1219 753 1255 verum
770 1205 799 1254 iu
814 1205 877 1255 istis
894 1207 1012 1255 saletris
1031 1218 1115 1268 aegre
1137 1218 1207 1257 eon·

124 1282 314 1333 ..omniintem
329 1276 468 1331 Ciceronis
483 1277 665 1341 agnoscimus.
698 1268 827 1327 Nonnihil
839 1283 944 1339 umen,
965 1276 1036 1338 qnod
1060 1275 1090 1325 in
1111 1283 1208 1329 tems·

156 1346 412 1414 omnimodorum,
436 1346 573 1411 perspexit
590 1344 634 1394 vir
649 1343 824 1407 ingeniosus,
845 1356 907 1393 eun
925 1342 1086 1393 sententiam
1103 1342 1209 1409 inipso

125 1410 291 1487 ''prineipio
311 1414 412 1478 capitis
435 1416 480 1466 do.
502 1412 633 1465 ooiloodri
657 1413 783 1478 solitam,
813 1424 883 1474 quae
904 1420 1027 1463 tenorem
1042 1412 1209 1465 narrationis

156 1483 499 1553 praeter-expectationem
514 1481 702 1547 interrumpit,
731 1482 798 1546 lpee
813 1482 900 1533 ettam
915 1481 1046 1548 Fufidius
1060 1482 1094 1533 ia
1110 1482 1210 1550 diemo

155 1558 354 1625 patronorum
367 1563 488 1607 numero
504 1553 581 1621 fuit,
603 1551 772 1615 superiorem
786 1551 816 1601 in
831 1551 920 1600 lotum
936 1554 1088 1603 retraheret
1098 1564 1154 1603 nou
1164 1555 1210 1603 ie-

158 1628 232 1679 niter
248 1622 426 1685 castigatum:
453 1622 518 1675 ires
535 1622 575 1673 ari
590 1620 624 1673 t.
639 1618 785 1687 Fufidium
803 1620 867 1685 (put
882 1620 943 1684 ipse
959 1622 1048 1673 etiam
1063 1621 1095 1671 ia
1110 1622 1210 1687 aliquo

134 1752 139 1761 ¹
156 1698 354 1765 patratorum
371 1703 494 1747 numero
504 1692 584 1813 (uli)
601 1690 679 1743 111νέ.
710 1691 764 1739 Sed
780 1688 950 1741 Cicerocum
962 1690 1112 1758 Fufidium,
1128 1691 1210 1743 euius

157 1762 321 1817 mentionem
343 1760 474 1828 retieret,
516 1767 577 1813 nter
593 1757 724 1811 iucundos
744 1758 863 1808 homines
882 1760 959 1810 sileri
981 1760 1116 1829 noluerit,
1144 1760 1210 1811 luit

158 1832 299 1898 proposito
316 1830 384 1881 satis
400 1831 552 1882 consultum
568 1830 722 1894 opinamur,
748 1828 846 1879 finitos
864 1840 923 1891 oap.
938 1831 984 1880 29.
1002 1841 1088 1891 nsque
1105 1830 1141 1881 ad
1157 1842 1210 1879 no-

56 1920 63 1945 ·
158 1900 321 1955 diasimata
335 1900 433 1968 atiquo
446 1912 478 1966 p.
491 1912 522 1951 a.
535 1899 598 1969 {eit
610 1896 732 1961 prolatis.
767 1894 893 1949 ceterum
905 1899 941 1950 de
952 1898 1015 1949 vito
1027 1898 1116 1963 ipolito
1129 1902 1212 1973 aeta,

160 1984 232 2037 quae
254 1968 377 2021 breviter
399 1968 541 2031 enuntiari
558 1974 682 2031 poterant
703 1967 740 2018 de
756 1967 819 2018 viia
836 1981 907 2033 ortu,
928 1969 1114 2032 longissimum
1132 1968 1210 2020 vitae
1254 1982 1257 1990 ·

160 2052 273 2095 eorsum
290 2044 319 2089 et
334 2036 362 2089 in
377 2035 441 2103 ipsa
456 2044 596 2089 senectute
613 2043 824 2087 consummatum
841 2037 968 2087 videntur
991 2038 1128 2101 indicare3
1156 2050 1209 2089 neo

160 2108 321 2162 montinum
342 2107 449 2158 omnino
469 2106 557 2174 rugit,
584 2104 648 2171 quid
664 2118 710 2157 res
727 2106 896 2173 postularet,
925 2120 986 2158 oum
1011 2109 1210 2177 suspicaretur,

160 2178 198 2233 de
213 2176 278 2230 vitu
294 2176 384 2243 ipsias
399 2178 469 2231 anie
483 2176 576 2241 ocia]
724 2236 728 2243 ¹

194 2248 278 2303 relos
294 2246 411 2311 nostris]
434 2244 548 2301 nentis
563 2242 648 2301 sedete
665 2244 707 2298 ed.
720 2256 763 2312 pr.

127 2394 174 2440 est
183 2384 284 2449 duplex
294 2382 414 2439 uioeeoe
427 2376 489 2439 live
498 2384 650 2455 prolatio·
689 2384 722 2437 11·
752 2380 888 2443 Fufidium
909 2390 1073 2449 ¹praetorem
1109 2380 1210 2436 fuisos.

126 2468 198 2509 stom
213 2456 340 2517 (Quintil.
346 2454 384 2523 V,
402 2456 447 2527 tt,
463 2452 491 2511 Β.
507 2458 570 2509 eoll.
583 2470 609 2507 e.
622 2460 648 2509 1.
689 2455 764 2507 idern
786 2454 820 2504 de
839 2452 1023 2505 miiteotora
1034 2450 1162 2521 scripsit,
1184 2454 1210 2505 si

126 2528 184 2590 pr.)
201 2536 304 2593 genus,
325 2526 441 2579 sitorum
456 2526 559 2581 πίστεις
575 2522 650 2579 iret-
690 2522 847 2575 schneideri
865 2522 1037 2574 coniecturae
1056 2518 1085 2573 in
1099 2522 1212 2573 vitruv.

126 2612 189 2663 prot
202 2592 446 2661 eiveartifloioles
458 2596 566 2663 dietum,
580 2596 649 2661 quod
691 2592 757 2644 vll.
779 2592 867 2657 praei.
889 2588 933 2642 14.
955 2591 1024 2643 fides
1044 2598 1087 2643 est
1106 2592 1212 2645 labem

126 2672 213 2717 totum
226 2662 339 2715 rationis
351 2664 419 2735 rnre,
437 2676 472 2717 ao
483 2662 650 2727 potissimum
691 2660 736 2714 titt·

127 2746 144 2785 e
159 2730 395 2799 demonstratione,
410 2738 514 2784 morato
528 2744 651 2782 seruum
745 2724 814 2791 cyri
827 2726 926 2788 vitam]
943 2728 1137 2791 :Xenophontis
1151 2726 1213 2793 cy-

128 2800 234 2866 (qualis
247 2800 326 2851 iuius
337 2798 433 2851 sonori
446 2800 608 2859 halebatur)
622 2806 651 2849 et
691 2798 845 2859 ropaediam
871 2808 904 2846 eo
930 2798 1035 2849 nomine
1060 2811 1122 2850 oum
1140 2798 1213 2851 iitro

128 2862 557 2933 dieenorsoreooiinopendetete
579 2869 651 2919 alte-
692 2866 790 2917 scanni
813 2873 969 2931 eomparat,
1004 2869 1074 2930 quod
1097 2876 1212 2932 amnone

128 2950 190 2991 rom
220 2929 329 3003 ἄτεχνοι
352 2936 414 2988 sive
437 2926 651 3003 inartificiales,
691 2934 787 3005 native
807 2934 980 2998 simplicitate
999 2936 1132 2989 emineat:
1161 2939 1214 2989 sed

129 3017 183 3073 uuo
202 3006 262 3059 iere
282 3010 365 3056 totum
386 3003 591 3057 mouumentum
606 3007 651 3056 io·
691 3004 862 3065 reprehendit
874 3006 1021 3068 populares
1038 3018 1120 3074 snos,
1141 3018 1212 3073 quos

129 3084 213 3129 reuse
229 3072 429 3139 eontinebstdr,
449 3074 478 3125 id
493 3081 551 3141 est,
569 3074 651 3126 tatu-
692 3066 760 3136 cyri
779 3073 855 3139 vioe,
884 3075 1010 3138 quemvis
1030 3088 1064 3126 ee
1082 3076 1213 3129 Romanis

129 3144 191 3209 loe,
221 3148 324 3208 testes,
353 3142 553 3211 iusiurandum,
583 3145 650 3196 ulia.
691 3152 746 3191 non
759 3153 833 3193 esset
846 3150 901 3193 tam
914 3146 1115 3197 accommodate
1132 3158 1213 3209 qoam

128 3210 202 3267 Vide
213 3211 247 3262 de
260 3210 336 3264 oret.
349 3211 394 3277 ll,
410 3214 470 3276 22]
691 3213 797 3279 seond,
817 3220 845 3261 et
856 3213 972 3262 virtutes
983 3214 1080 3266 sotori
1088 3226 1220 3276 nonpos-.

182 3280 218 3331 ad
238 3278 271 3331 11·
287 3280 435 3341 Fufidium]
471 3280 503 3333 [tu
528 3278 651 3333 Foiidius
693 3280 1109 3350 sentcyrilaudibussuperari,
1122 3284 1214 3337 arse-

130 3350 583 3417 erotltornoveteristrogolitotie:
600 3364 652 3403 ou·
693 3362 729 3401 oa
755 3359 845 3401 tamen
873 3353 995 3403 narratio
1017 3352 1101 3404 molto
1123 3352 1215 3417 magis

131 3416 177 3469 ius
195 3416 236 3468 rei
254 3419 440 3471 documentum
458 3420 574 3483 prodidit
592 3420 651 3470 Pii·
693 3419 854 3471 oblectabat.
888 3423 946 3471 Neo
964 3423 1076 3482 mirum
1103 3432 1167 3471 nam
1184 3422 1216 3474 ln

131 3484 193 3536 sius
208 3485 278 3535 illst.
288 3486 430 3552 xxxiii,
447 3490 478 3556 1,
495 3491 521 3538 d.
537 3502 575 3540 ete
588 3492 651 3540 iam
694 3498 728 3539 eo
747 3501 812 3540 sane
827 3490 922 3541 Cicero
935 3504 1047 3542 caueam
1063 3502 1142 3538 suom
1159 3503 1214 3540 ex-

131 3550 359 3617 ettamunster
376 3560 529 3609 amotores
548 3560 652 3610 oeulos
694 3558 852 3623 aggeravit,
869 3561 938 3621 qnod
952 3568 1061 3609 veteres
1074 3559 1215 3611 Romane-

130 3620 313 3689 itaituruttt,
339 3626 441 3689 ttipois
458 3638 525 3678 eum
543 3638 652 3679 memo-
693 3641 753 3679 rum
772 3628 936 3691 scriptores,
966 3636 996 3679 ut
1013 3628 1157 3693 catonem,
1181 3636 1215 3679 ut

131 3692 184 3743 ria
195 3702 319 3743 ovorum
328 3694 412 3743 metiti
421 3699 568 3757 praetera
580 3710 654 3763 poo-
692 3700 763 3747 luno
775 3696 864 3760 ipsum
876 3699 1017 3760 scaurum,
1035 3696 1151 3747 Graecis
1163 3709 1215 3748 ee-

132 3772 189 3825 qoe
206 3761 304 3831 [neoti
321 3762 354 3813 tn
372 3763 475 3829 ferreo
494 3776 652 3817 consenue-
693 3766 836 3831 quiperare
866 3769 973 3829 studet;
1004 3778 1092 3830 neque
1120 3766 1215 3818 verior

131 3828 213 3899 etat,
235 3829 314 3884 tt'ttti
329 3830 518 3895 edwardum
538 3836 570 3884 et
583 3835 652 3885 iila·
693 3836 858 3898 comparatio
871 3837 947 3886 Bruti
962 3834 1131 3888 accusatoris
1150 3846 1238 3887 eun'

132 3899 244 3965 ιι111ιιιιι,
263 3900 313 3968 pei
324 3901 571 3967 tepatruttlitartt
581 3905 652 3971 foe·
692 3906 821 3971 tyourgo
834 3914 942 3958 oratore
954 3908 995 3964 (e.
1006 3903 1050 3971 at,
1063 3905 1149 3972 1103,
1165 3911 1216 3957 aut

133 3970 370 4038 eotlupertltw
384 3970 472 4031 teilo,
488 3972 651 4024 Fenestella
692 3974 783 4025 catuli
808 3988 869 4027 eum
893 3976 1070 4036 xenophonte
1100 3977 1142 4033 (o.
1166 3973 1214 4040 ³⁵,

70 4074 75 4081 .
131 4038 246 4105 modu,
263 4042 294 4091 et
312 4040 397 4091 metti
408 4040 442 4093 11.
455 4040 600 4107 Faesidium
612 4042 652 4092 tl·
690 4045 782 4108 tata,
805 4046 855 4097 vel
873 4044 984 4096 Antonii
1001 4042 1137 4095 etcressi
1151 4055 1215 4093 eum

130 4106 208 4172 Ιιιιιι,
231 4110 271 4161 ad
288 4122 372 4175 prtem
384 4110 514 4162 seuerae
531 4111 569 4162 de
586 4110 650 4162 otta
689 4111 870 4169 Demosthene
883 4122 912 4165 et
925 4113 1067 4179 Hyperide
1077 4127 1102 4166 o.
1109 4116 1154 4167 liii.
1168 4110 1215 4165 in·

128 4174 343 4245 nominetis*
363 4180 439 4233 uode
451 4178 543 4245 oolligi
556 4186 649 4247 potest
689 4182 794 4237 stitote.
