2678 4748
70 304 72 315 ¹
161 275 209 351 ⁸8
549 347 550 350 ,
578 272 823 351 taurea.

168 443 289 533 aaron
308 428 399 552 arras
418 462 618 549 ortulano),
646 464 679 532 n
699 471 811 532 tamen
824 462 1105 532 instituamur
1118 461 1251 537 ranae-

70 566 78 573 ·
169 552 253 621 tium
276 552 463 620 audiverat.
507 555 579 619 eius
594 548 702 624 omnia
717 554 754 624 in
771 551 912 620 dicendo
927 552 1073 619 facultas
1089 556 1253 623 crhisto·
1300 571 1309 595 ¹

168 641 222 706 ria
239 640 349 728 ipsius
369 661 434 706 non
448 639 663 724 (ineleganter
682 641 809 727 scripta
830 640 979 728 perspici
996 648 1125 729 potest,
1161 666 1250 730 quae

168 749 275 814 neque
294 728 392 794 nimis
412 734 465 792 est
478 727 589 794 inians
606 749 714 814 neque
727 729 874 816 perlecta
889 727 1030 797 diserta.
1074 732 1152 798 102.
1173 731 1251 797 Mu-

168 815 243 882 cius
265 823 374 880 autem
393 836 519 900 augur,
547 813 638 902 quod
659 836 721 902 pro
741 836 780 881 se
802 837 887 900 opus
904 822 997 897 orat,
1017 816 1091 903 ipse
1104 815 1251 901 dicebat,

168 910 208 969 ut
228 900 270 967 do
292 901 442 988 pecuniis
464 901 660 990 repetundis
680 909 797 968 contra
816 901 861 969 Τ.
881 901 1079 971 Albucium.
1121 903 1152 971 is
1173 927 1251 972 ora-

168 996 281 1056 torum
296 990 330 1055 in
343 1009 480 1055 numero
496 1011 560 1055 non
573 989 656 1069 fuitr
685 989 771 1061 iuris
786 989 895 1060 civilis
909 989 1250 1080 intelligentiamque

169 1077 259 1143 omni
273 1076 469 1164 prudentiae
479 1097 605 1160 =genere
617 1076 803 1164 ppaestitit.
842 1076 888 1146 L.
903 1073 1039 1144 Caelios
1051 1077 1253 1167 Antipater,

169 1165 318 1254 scriptor
339 1162 635 1252 (quemadmodum
650 1162 789 1252 videtis)
809 1163 877 1233 fuit
892 1171 932 1231 ut
949 1165 1158 1252 temporibus
1178 1168 1251 1240 illis

236 1339 297 1391 eius
309 1338 409 1400 omnia]
431 1340 514 1393 cuins
529 1339 621 1393 omnis
637 1340 679 1390 cd.
693 1352 735 1404 pr.

237 1422 272 1458 er
289 1410 413 1470 historia]
433 1411 465 1460 in
478 1409 604 1462 bistonio
620 1412 661 1459 ed.
675 1423 717 1473 pr.

239 1478 309 1528 102.¹
335 1480 403 1541 qood
417 1490 466 1539 pro
479 1492 510 1528 se
523 1491 590 1540 opus
604 1481 676 1538 erat]
700 1478 746 1528 Sic
758 1475 839 1528 ctiam
851 1477 895 1527 ed.
908 1489 949 1542 pr.
984 1488 1048 1530 cnm
1061 1488 1120 1544 pre
1135 1490 1168 1531 se
1179 1492 1251 1545 opas

204 1548 273 1599 eret
290 1547 434 1609 scheving.
468 1549 562 1613 quoad
583 1551 653 1612 orins
674 1549 741 1598 eret
757 1547 894 1613 otoldus,
918 1548 980 1612 ipse
1002 1555 1091 1598 tamen
1109 1551 1252 1612 vulgatum
1329 1585 1331 1592 ,

203 1627 357 1679 agnoscens
378 1617 432 1666 alio
452 1617 522 1666 loco.
540 1619 591 1669 ,lit
611 1620 677 1666 baec
694 1617 800 1680 quidem
819 1616 975 1667 coniectura
988 1618 1057 1666 baud
1072 1617 1183 1682 melior,
1201 1619 1252 1671 illa

203 1686 285 1746 paulo
299 1685 415 1735 deterior
433 1694 476 1735 est
490 1685 626 1748 scriptura
643 1685 779 1736 librorum.
813 1685 856 1736 Gi.
868 1697 893 1734 c.
906 1687 958 1751 28,
977 1686 1037 1736 108.
1061 1685 1094 1738 P.
1108 1686 1252 1738 Lentidios

203 1753 243 1803 ad
255 1754 381 1817 rempub.
396 1755 552 1806 deminuat
563 1756 638 1821 qnod
649 1768 719 1819 opus
732 1755 808 1805 esset
813 1787 825 1821 ,
841 1753 914 1813 setis
927 1753 1056 1804 babuisse
1071 1756 1253 1821 eloquentiae

203 1822 323 1874 dicitnr.
359 1824 452 1886 ltaque
473 1825 563 1887 Mucio
586 1826 670 1876 semel
691 1831 809 1888 tantum,
837 1836 898 1878 cum
910 1823 939 1875 in
952 1824 1096 1886 discrima
1108 1825 1251 1885 existima-

204 1891 285 1944 tionis
297 1892 491 1962 adduceretur,
509 1893 660 1959 eloquentia
672 1904 739 1958 opus
752 1891 812 1945 init.

220 2047 247 2099 ie
260 2047 597 2112 lamentantium-Laelii]
615 2052 691 2107 ilaec
784 2046 955 2112 prudentiae]
984 2043 1057 2105 Dicit
1083 2049 1252 2114 prudentiam

169 2110 458 2185 nominenumine
471 2122 691 2184 parenthesisin·
732 2116 858 2183 civilem,
880 2118 957 2174 cuius
970 2131 1053 2183 opera
1066 2122 1135 2173 solet
1147 2123 1252 2172 adrem
1314 2127 1318 2137 “

171 2186 296 2245 coniecta·
318 2189 355 2243 V·
366 2200 508 2255 uossupra
520 2188 549 2241 iu
563 2203 587 2243 c,
596 2191 638 2257 20,
646 2192 690 2242 80.
731 2189 865 2251 publicam
877 2188 984 2238 referri.
1009 2190 1103 2253 ltaque
1114 2191 1175 2244 huic
1189 2192 1253 2244 Mu-

183 2317 185 2322 s
223 2257 347 2308 instituto
363 2257 466 2316 baelil]
492 2256 549 2309 Cic.
562 2258 622 2309 liin.
638 2259 689 2326 lV,
732 2258 775 2306 cio
789 2257 884 2310 Cicero
896 2259 929 2306 de
942 2258 1017 2308 Orat.
1031 2259 1054 2324 1,
1071 2256 1115 2309 to.
1132 2259 1211 2324 (coll.
1226 2271 1251 2309 c.

169 2326 198 2376 9.
212 2324 370 2383 Panaetius
388 2325 470 2382 bomo
484 2326 516 2378 in
526 2327 632 2392 prirnis
644 2328 690 2377 in·
733 2328 791 2386 10.)
810 2327 969 2388 saepissime
982 2328 1105 2377 maximis
1119 2328 1151 2376 de
1169 2327 1254 2378 rebus
1283 2347 1292 2359 =

167 2389 278 2461 pennus
292 2397 322 2447 et
333 2395 445 2462 eroon,
461 2395 565 2462 dianna
576 2397 628 2447 illa
641 2399 690 2464 fo-
731 2395 852 2451 breviter
871 2395 1043 2459 impoliteque
1060 2395 1159 2445 dicenti
1171 2395 1262 2449 sena·'

169 2464 343 2523 enaritate
364 2463 507 2528 Scipionis
537 2468 567 2517 et
588 2465 691 2518 Laelii.
733 2473 789 2517 tum
801 2465 883 2517 tradit
897 2477 1039 2528 assensum
1052 2466 1220 2526 praebuisse.

152 2533 211 2589 lt.
220 2533 258 2598 11,
271 2533 297 2592 8.
314 2532 468 2600 mopenem
477 2534 606 2587 Stoicum
618 2537 691 2587 edo·
784 2536 816 2588 L.
841 2533 952 2585 Caelius
982 2535 1137 2594 Antipater]
1179 2535 1270 2583 Dru-r.

168 2604 295 2669 terrens,
317 2605 386 2668 post
402 2606 500 2655 entem
516 2604 691 2656 Panaetium
732 2615 846 2666 mannus
877 2603 960 2653 ’1.11.
990 2619 1018 2666 p.
1032 2600 1093 2652 122.
1127 2602 1261 2653 libertum

168 2672 308 2730 audieret
327 2672 452 2724 Laelios.
488 2673 561 2723 idem
579 2675 691 2724 institu-
733 2672 821 2723 Caelii
843 2670 1031 2735 fuissedicit,
1063 2672 1133 2740 quod
1153 2673 1253 2721 Kraus.

170 2749 228 2792 tum
244 2742 396 2806 scaevola,
415 2753 494 2802 qoem
505 2743 596 2794 Laelii
607 2756 691 2804 gene·
732 2740 841 2804 Fragm.
854 2740 926 2788 illst.
941 2753 969 2801 p.
983 2740 1042 2790 182.
1059 2740 1154 2789 merito
1167 2751 1253 2802 nega·

170 2823 231 2869 rum
250 2810 338 2863 luisse
358 2809 491 2876 vidimus,
518 2812 690 2878 sequebatur,
733 2809 783 2858 vit.
817 2807 927 2858 Certum
940 2816 982 2857 est
996 2811 1038 2866 (v.
1054 2807 1255 2860 cridionensi

170 2887 241 2940 teste
256 2877 312 2934 Cic.
326 2881 360 2928 de
374 2878 450 2932 Orat.
464 2877 495 2942 1,
514 2880 557 2931 17.
732 2878 761 2930 in
774 2889 800 2926 a.
813 2878 889 2938 631.)
913 2874 1096 2927 Gracchorum
1110 2890 1171 2928 eum
1184 2886 1256 2927 tem*

224 2947 408 3009 [Panaetium]
423 2946 693 3005 clarissimumillum
734 2946 845 3019 poribus
862 2945 976 2994 vixisse.
1010 2947 1051 2996 De
1071 2947 1151 2997 laude
1170 2946 1254 2997 iuris-

170 3015 322 3081 scipionis,
345 3016 509 3082 tuberonis,
531 3019 692 3080 scaevolae,
733 3013 891 3078 prudentiae
910 3013 1031 3064 nonnihil
1045 3017 1161 3066 detrabit
1174 3016 1255 3066 Pom-

171 3079 567 3154 oliorumnobillumvirorum,
582 3098 694 3148 quorum
734 3083 831 3148 ponius
857 3085 891 3132 de
915 3083 989 3147 orig.
1011 3084 1079 3135 iuris
1103 3098 1128 3133 c.
1154 3085 1255 3135 310.

69 3205 71 3211 ,
171 3153 286 3211 iadicem
300 3155 449 3216 Lyndenns
462 3169 489 3218 p.
502 3155 545 3210 to.
560 3169 618 3218 sqq.
634 3154 693 3208 edi·
735 3153 836 3204 Etiam
857 3154 926 3203 Sere.
940 3153 1091 3218 Pompeius
1105 3153 1154 3204 Cn
1168 3154 1255 3205 Pont-

172 3221 229 3289 dit,
251 3223 415 3277 familiarem
433 3236 466 3274 ac
480 3231 693 3291 praeceptorem,
734 3222 794 3287 peti
806 3223 933 3285 patrans
947 3223 1009 3290 fnit
1029 3225 1126 3282 eodem
1144 3225 1255 3286 tempo-

171 3303 252 3353 qucm
272 3294 300 3346 in
321 3292 487 3356 plrilosopbia
502 3293 598 3348 morali
616 3294 694 3347 habi·
735 3305 771 3343 re
783 3293 813 3341 et
827 3290 938 3350 Coelius
950 3292 1122 3359 Antipater,
1139 3293 1188 3356 qne·
1208 3291 1256 3339 bi-

172 3367 250 3410 tasse
275 3373 337 3415 cum
358 3361 417 3413 eius
436 3363 515 3414 varia
533 3362 694 3426 placitormn
735 3361 845 3411 storius
858 3361 1040 3428 corescripsit,
1057 3362 1108 3412 sed
1118 3361 1183 3422 plus
1195 3360 1257 3408 elo-

170 3427 693 3496 titulorumqncindiciacommoustranr‚
736 3431 870 3497 quentiae
897 3442 983 3494 queem
1011 3429 1147 3488 scientiae
1179 3428 1257 3485 ioris

172 3504 229 3547 tom
243 3498 400 3557 planissime
413 3501 546 3561 capitales
560 3501 623 3552 libri
637 3508 693 3552 tres
736 3511 854 3572 operere
876 3498 973 3557 dedite
1004 3501 1092 3553 etiem
1110 3497 1143 3548 Ιι.
1165 3497 1256 3548 Cras-

172 3563 242 3632 Hepi
256 3561 306 3620 eei
320 3561 509 3631 καθήκοντος,
534 3583 600 3632 quos
613 3571 693 3621 Cice·
735 3583 801 3633 sus,
826 3569 928 3636 frater
948 3569 980 3619 P·
993 3570 1100 3631 Mucii,
1124 3566 1173 3638 qni
1188 3568 1258 3621 lila-

173 3635 251 3688 ronis
285 3634 400 3689 imitatio
431 3639 590 3693 celebravit.
640 3640 694 3695 sed
736 3639 837 3690 cinarus
857 3639 952 3688 dictas
974 3642 1034 3690 est.-
1061 3638 1136 3695 bunc
1155 3635 1257 3687 cicero

173 3716 245 3769 quae
267 3705 421 3757 referuntur
445 3707 581 3758 advitam
600 3709 694 3760 etilo·
735 3708 779 3760 nit
799 3706 1075 3764 iurisconsultorum
1094 3706 1258 3761 disertissi-

173 3773 287 3826 ctrinam
300 3771 492 3833 sapientissimi
506 3776 619 3837 numinis
632 3776 694 3824 dili·
736 3790 814 3830 marn
826 3777 929 3843 fnisse.
964 3776 1085 3836 Caelium
1096 3777 1125 3825 in
1137 3774 1259 3826 historiis

172 3851 268 3906 genter
281 3842 407 3904 exposuit
419 3844 567 3904 liyndcnus
582 3846 695 3898 ‹iePan-
739 3848 796 3895 suis
815 3859 861 3895 res
882 3847 1013 3908 bellorum
1027 3847 1188 3897 Punicorum
1206 3857 1256 3892 us-

175 3915 248 3963 aetio
280 3912 384 3962 libodio
407 3913 566 3978 philosopho
594 3913 696 3980 stoico,
738 3929 790 3979 que
810 3916 844 3965 ad
863 3921 984 3977 tempora
997 3916 1177 3973 Gracchorum
1192 3925 1260 3977 per-

153 4031 159 4037 ,
173 3981 228 4031 nn.
243 3981 334 4039 tace]
739 3982 849 4031 duxisse
863 3984 1012 4035 verisimile
1026 3992 1084 4046 est;
1100 3995 1260 4046 quamquam

230 4051 289 4101 102.
317 4050 348 4099 ’1.
361 4047 521 4112 Albucium]
538 4047 697 4119 Dequodi·
739 4050 788 4100 alii
819 4055 981 4102 contendunt
1006 4053 1081 4102 intra
1103 4053 1171 4101 lines
1194 4052 1260 4101 belli

175 4119 289 4173 ctumin
303 4118 395 4186 cii,
413 4123 473 4173 131.
519 4115 523 4121 ’
740 4117 835 4178 Punici
865 4120 978 4180 secundi
1007 4135 1068 4194 cum
1094 4120 1259 4188 subsbtisst,
