2676 4748
534 328 619 419 Cap.
640 332 698 401 12.
993 430 995 435 .
1118 338 1165 407 ³⁷

72 523 174 604 cepta
187 510 323 583 Siculos
335 512 495 582 Coracem
504 520 539 580 nt
546 514 678 583 Tisiam
693 515 951 608 conscripsisse:
973 520 1162 590 narrantes
1231 548 1233 555 ⁸

70 605 238 675 nerninem
260 604 399 669 solitum
421 604 476 671 via
493 624 554 669 nee
577 618 669 685 arte,
695 605 757 671 sed
771 614 928 672 accurate
942 615 1053 674 tamen
1067 616 1103 675 et
1117 609 1161 679 tle

71 693 203 780 scripto
225 693 405 779 plerosque
424 689 554 773 dicere3
584 695 801 781 scriptasque
811 694 921 760 luisse
934 700 969 761 et
984 699 1160 782 paratasa

59 781 263 873 ...Protagora
293 800 406 845 rerum
434 779 622 861 illustrium
653 780 920 870 disputationes,
956 805 1042 869 quae
1070 806 1159 854 nuuc

69 888 268 938 communes
282 868 498 956 appellantur
509 869 588 935 loci.
630 872 686 937 47.
714 869 805 954 quod
826 869 914 934 idem
931 870 1054 937 iecisse
1072 872 1160 940 Gor-

70 959 184 1044 giam,
217 976 291 1020 cum
323 955 533 1040 singularum
555 977 667 1021 rerum
687 954 807 1022 laudes
826 959 1157 1047 vituperationesque

68 1043 350 1132 conscripsissem
378 1041 469 1129 quod
488 1041 653 1110 iudicaret
673 1044 735 1111 hoc
756 1046 901 1110 oratoris
918 1067 994 1111 esse
1016 1049 1158 1115 maxime

67 1132 265 1227 preprium,
294 1152 365 1195 rem
391 1151 513 1214 augere
535 1154 634 1218 posse
653 1130 841 1213 laudando,
869 1133 1157 1223 vituperandoqne

67 1222 194 1289 rursus
215 1218 376 1303 affligere.
418 1217 496 1283 linio
512 1219 757 1308 Antiphontem
773 1220 1016 1287 Rhamnusium
1031 1221 1157 1289 similia

55 1305 236 1399 quaedam
254 1305 413 1371 habuisse
432 1307 640 1394 conseripta3
667 1328 734 1394 quo
751 1309 913 1375 neminem
928 1330 1073 1397 unquam
1087 1333 1156 1377 me-

66 1398 141 1464 lius
160 1395 267 1460 ullam
290 1393 441 1461 oravisse
460 1394 582 1481 capitis
597 1416 750 1474 oausam,
775 1416 849 1460 cum
863 1396 925 1460 sei
951 1417 987 1461 se
999 1396 1156 1465 deiende-

67 1490 145 1566 ret,
179 1504 218 1548 ee
239 1480 414 1561 audiente,
448 1481 601 1569 locuples
624 1490 743 1548 auctor
762 1483 902 1571 scripsit
923 1418 956 1555 'i'

65 1575 127 1643 48.
145 1590 222 1635 nam
236 1566 376 1657 Lysiam
390 1568 499 1656 primo
511 1570 663 1657 profiteri
678 1570 815 1636 solitum
832 1578 938 1636 artent
953 1592 1029 1637 esse
1044 1571 1156 1639 diren-

64 1658 125 1744 ὥς
155 1656 294 1738 deinde,
322 1654 414 1744 quod
432 1654 634 1724 Theodorus
654 1663 746 1725 esset
764 1659 801 1725 in
819 1665 894 1726 arte
915 1657 1093 1742 subtilior,
1119 1660 1156 1728 in

27 1866 30 1870 ,
101 1819 168 1889 tqm
179 1817 253 1868 mae
266 1813 438 1881 trisicalio,
454 1812 524 1880 quin
536 1813 647 1881 aliquid
657 1817 753 1883 facete
764 1816 948 1873 incommode
960 1815 1076 1868 dicante
1091 1817 1155 1867 coli.

102 1888 139 1939 de
155 1885 261 1951 or.11,
278 1881 322 1935 54.
339 1892 367 1933 et
380 1882 473 1935 Caelio
487 1897 531 1947 ap.
544 1885 654 1944 Quintil.
669 1885 727 1953 Vl,
745 1891 778 1953 ³,
794 1884 839 1939 41.
873 1886 988 1936 Accedit
1000 1888 1069 1949 quon
1083 1886 1153 1937 aeti-

102 1968 144 2009 να
154 1953 229 2005 notio
243 1953 320 2003 vocis
334 1954 542 2009 controversus
555 1954 659 2004 omnino
672 1954 819 2018 singularis
833 1962 918 2006 estet
931 1962 1069 2017 suspecta.
1093 1956 1154 2009 ltn-

101 2038 157 2091 que
168 2023 276 2073 minime
291 2023 443 2073 dubitamus
457 2023 521 2085 quin
534 2024 576 2078 hic
589 2026 667 2079 loeus
679 2025 835 2082 coniectura
848 2024 885 2076 eit
896 2024 1058 2087 sanandus]

135 2093 253 2151 Tisiam]
275 2092 400 2153 Topsieo
415 2092 457 2140 ed.
469 2105 511 2152 pr.

136 2162 321 2227 quae-loci]
349 2158 520 2211 Consuetudo
532 2161 658 2213 Tulliana
668 2162 804 2224 postolat:
827 2161 877 2228 qui
895 2173 973 2212 nnnc
990 2173 1153 2213 communes

98 2232 287 2299 appellantur
307 2230 372 2283 toci·
406 2229 483 2280 lutra
500 2231 589 2295 e.17,
607 2233 652 2280 69.
681 2231 794 2287 ornari
806 2231 969 2290 orationem
979 2229 1153 2295 Graecinu-

99 2304 182 2369 tant,
198 2299 390 2351 sicariorum
403 2298 646 2350 intentationum
653 2302 796 2365 uteretur,
812 2313 900 2368 quos
913 2302 1059 2366 appetunt
1071 2293 1153 2367 τρό-

99 2385 205 2427 none.
222 2371 252 2421 et
264 2367 476 2421 sententiarum
488 2368 685 2433 orationisque
697 2370 820 2437 formis,
844 2382 936 2437 qaae
951 2373 1057 2420 uocaret
1071 2365 1153 2432 οκῆ·
1182 2392 1203 2427 ·,

97 2456 208 2509 ματα.
242 2451 266 2487 c.
281 2440 332 2502 33,
350 2437 409 2487 127.
433 2436 532 2491 liutai
546 2437 606 2487 eius
617 2438 787 2503 peroratio,
813 2439 876 2504 qui
892 2440 1017 2505 epiioqus
1030 2437 1150 2488 dicitur.

98 2509 174 2563 Vide
190 2519 260 2570 qnae
278 2506 393 2555 diximus
410 2506 474 2554 olim
491 2505 520 2554 in
536 2506 642 2555 Orator.
659 2508 709 2571 ti,
724 2509 767 2557 36.
808 2507 1005 2566 [conferendus
1027 2506 1153 2567 inprimis

97 2653 256 2699 structurae
269 2645 401 2696 rationem
415 2649 522 2693 constat
534 2655 596 2693 esse
609 2642 771 2709 legitimam,
793 2642 880 2693 sicubi
892 2643 1005 2694 fortuita
1017 2643 1151 2706 quaedam

70 2770 75 2775 ,
96 2725 129 2771 et
139 2715 232 2767 minus
243 2713 414 2777 necessaria,
431 2712 510 2774 quasi
522 2724 571 2774 per
584 2711 832 2776 interpositionem,
847 2712 960 2764 affertur
969 2711 1085 2762 nominis
1098 2724 1149 2759 cx-

97 2784 231 2853 plioati03
253 2782 297 2832 sin
308 2782 487 2844 intelligentia
501 2780 615 2831 notionis
629 2783 676 2831 vel
688 2780 824 2831 distinctio
834 2794 941 2846 rerum,
964 2795 1034 2845 qnae
1056 2781 1150 2832 eodem

86 2867 202 2921 genere
216 2851 416 2917 contineantur,
432 2851 594 2901 sententiam
603 2851 746 2901 relativam
760 2850 910 2914 desiderat,
927 2851 1017 2902 Latini
1030 2849 1150 2911 scripto-

96 2936 147 2979 res
158 2923 303 2986 vulgarem
314 2933 434 2973 normann
447 2928 604 2981 sequuntur.
637 2921 722 2972 Velut
736 2919 832 2969 Cicero
845 2921 878 2969 de
891 2921 944 2971 off.
958 2921 1001 2983 11,
1019 2918 1044 2970 5.
1068 2931 1147 2981 quem

97 2991 245 3055 numptius
261 2989 289 3051 s.
301 2993 363 3043 372.
375 2995 444 3038 extr.
467 2990 622 3040 annotavit:
646 2988 775 3040 colmere
795 2991 890 3039 sortus
903 2987 1149 3051 eremitorium,

97 3075 175 3130 qens
185 3057 291 3111 Graeci
302 3055 386 3125 πάθη
398 3057 555 3118 nominant.
589 3060 621 3114 Iti
636 3071 701 3108 vero
713 3067 834 3109 nostrum
847 3058 875 3109 in
886 3060 976 3110 locum
989 3060 1087 3110 eadere
1099 3058 1149 3107 de-

48 3169 51 3174 .
95 3136 233 3186 monstrat
245 3129 442 3191 immoene]

132 3198 181 3253 47.
213 3198 329 3248 oratoris
343 3198 418 3253 esso]
443 3193 488 3247 stc
500 3195 542 3250 cd.
556 3209 596 3257 pr.
611 3209 672 3248 essa
685 3207 736 3247 nm.
754 3195 848 3248 Lami.

132 3268 198 3321 huic
217 3267 421 3327 Antiphontem]
453 3263 519 3313 ltine
534 3265 568 3314 Λ.
593 3267 634 3314 ed.
651 3279 692 3328 pr.
726 3261 888 3329 „sodiut'e
910 3260 1149 3326 circunscripta

94 3339 186 3393 laius
197 3335 319 3401 scriptia
332 3328 476 3389 167161ιίιὸί
501 3334 629 3389 Oreliius.
663 3333 719 3395 [cs.
732 3332 871 3387 sanuciani
883 3334 985 3383 nielett.
1003 3344 1030 3395 p.
1042 3334 1101 3392 58]

112 3492 160 3547 tr.
194 3490 382 3555 Thucydides]
407 3489 493 3554 v111,
510 3489 553 3540 68.
629 3490 681 3541 111.
699 3504 725 3551 p.
742 3485 800 3541 147.
819 3487 971 3550 erpennio:
994 3487 1038 3538 eui
1050 3497 1147 3555 conse·

114 3560 161 3614 te.
200 3574 264 3613 num
284 3560 412 3624 Lysiam]
436 3558 588 3622 Antiphon·
628 3573 712 3622 quens
724 3567 767 3607 est
779 3566 808 3609 nt
816 3560 905 3610 locruu
913 3558 1042 3607 interdum
1051 3559 1149 3607 lrabeat

63 3638 120 3685 tem
138 3631 302 3683 muneratus
328 3639 372 3678 est
390 3628 510 3693 Lysias,
542 3628 589 3690 qul
627 3628 821 3688 mcxceptionc
835 3629 881 3676 vei
893 3628 1138 3687 praetermissione.

64 3709 154 3753 utem
172 3702 334 3751 rhetoricam
349 3699 423 3748 initio
437 3700 587 3762 protessus,
680 3698 860 3759 [atterimus]
885 3697 997 3756 Propter
1011 3694 1148 3745 subtilita-

65 3771 152 3822 iinros
163 3771 199 3819 de
212 3768 366 3834 eloquentia
378 3765 503 3828 scripsit:
526 3780 588 3816 euin
628 3774 682 3817 tem
706 3760 899 3832 inpoiniinicr
920 3765 1145 3817 l’tatuuiuictus.

65 3840 209 3904 1511611106
222 3839 283 3889 ioco
293 3839 515 3899 praetereuntium
522 3848 588 3885 cen·
628 3837 663 3886 V.
677 3836 803 3897 Spengel.
827 3850 852 3896 p.
868 3835 925 3882 101.
939 3848 995 3895 sqq.
1019 3835 1147 3882 notitiem-

65 3916 125 3976 eet,
148 3908 221 3972 qnod
240 3908 275 3959 ab
290 3914 350 3958 erte
364 3907 446 3968 panio
460 3912 521 3968 pust
540 3917 588 3954 ee·
630 3919 682 3967 que
695 3906 728 3953 tle
743 3904 872 3954 Isocratis
887 3906 955 3952 Arte
973 3917 997 3962 p.
1014 3901 1071 3951 154.
1088 3913 1146 3961 sqq.

66 3979 201 4045 oeeeemt,
223 3976 356 4027 Theodori
370 3975 458 4039 gioria
472 3986 589 4025 commo·
631 3975 754 4025 ceterum
763 3974 893 4023 Piumlius
904 3975 937 4021 ile
950 3972 1077 4020 isocratis
1090 3971 1147 4019 vita
1170 4022 1172 4027 ,

66 4056 120 4101 tns.
154 4048 235 4102 Nam
251 4045 366 4097 orationi
385 4045 527 4094 transitum
539 4058 589 4107 pa-
629 4051 658 4093 et
672 4044 783 4104 scriptis
800 4057 826 4104 p.
838 4046 882 4094 22.
909 4048 995 4092 artem
1012 4053 1090 4101 quam
1103 4039 1146 4086 t'c-

66 4130 130 4169 rnre
141 4115 313 4168 notissimum
326 4122 369 4165 est
382 4114 474 4173 (euius
487 4113 529 4163 rei
542 4127 590 4165 ra·
630 4119 693 4163 tutu
705 4112 837 4161 Isocratis
852 4111 902 4170 (ci.
916 4123 999 4173 supra
1016 4121 1039 4156 c.
1053 4109 1095 4165 8.)
1112 4108 1147 4157 atl

68 4186 167 4251 turem
175 4183 546 4239 meritcrflnniiusinnurs.
558 4184 588 4235 7.
633 4182 760 4246 discipuli
772 4180 903 4232 fabricant
915 4178 987 4229 iubet
999 4174 1120 4238 reterri]

958 1483 1155 1573 hncydides.
1252 1506 1254 1513 ·

100 2579 246 2641 Krigerus
267 2576 314 2637 die
331 2574 500 2625 Attraction
518 2573 550 2624 in
570 2574 598 2629 d.
616 2574 682 2625 Lat.
701 2575 771 2637 Spr.
794 2588 821 2636 p.
834 2575 877 2625 86.
891 2588 949 2638 sqq.
984 2576 1068 2628 Istam
1083 2585 1151 2623 sane
1233 2616 1237 2629 ,
