2676 4748
129 316 276 408 arog
414 266 418 274 ’
556 308 797 384 neuros.

133 506 229 574 nullo
259 502 426 570 reisnnte
450 499 563 568 einnia
592 501 863 571 adversariorum
881 497 976 567 dieta
998 499 1224 573 meminisset.

98 609 103 620 ’
132 597 213 664 W·
240 582 401 660 Ardebat
418 599 528 656 entem
552 591 740 680 eupiditate
755 590 824 669 sie,
852 596 891 656 ut
908 589 945 654 in
958 591 1050 656 nullo
1068 603 1223 678 unquam

132 681 335 767 flagrantius
363 676 511 745 studium
538 678 692 746 viderim.
749 678 878 744 nulium
907 676 994 742 enirn
1022 677 1224 766 patiebatur

131 788 211 835 esse
225 766 335 855 diem,
359 766 442 853 quin
455 773 513 831 aut
528 767 563 833 in
576 767 652 834 foro
664 764 793 832 (liceret
811 771 870 831 aut
885 763 1105 832 meditaretur
1120 773 1223 833 extra

107 856 257 941 xferunt.
300 855 498 942 saepissime
521 861 632 922 autent
652 852 768 920 eodem
789 852 844 921 die
858 861 971 920 utrum
999 875 1040 920 ue
1058 854 1221 922 faciebat

132 945 365 1029 sttnleratque
385 941 519 1007 minime
535 945 673 1030 vulgare
686 963 791 1028 genus
805 939 957 1023 dicendi,
974 874 1067 1007 boas
1082 941 1221 1028 quidem

127 1051 209 1112 res,
238 1051 323 1119 quas
344 1049 443 1095 nemo
464 1030 571 1097 elius:
603 1031 824 1120 partitiones,
851 1028 975 1115 quibus
990 1027 1148 1095 lembus
1165 1029 1222 1096 di-

133 1126 254 1185 cturus
268 1121 377 1198 esset,
396 1122 431 1182 et
447 1117 686 1197 collectiones,
703 1138 830 1183 mentor
843 1126 879 1182 et
893 1136 979 1202 quae
991 1123 1106 1182 essent
1126 1115 1222 1184 (licta

129 1211 254 1291 =eontra
284 1225 433 1292 quaeque
459 1206 533 1293 ipse
559 1205 714 1274 dixisset.
762 1202 1012 1272 testinatur
1040 1204 1221 1272 verborum

134 1292 316 1393 splendore
338 1292 494 1377 elegans,
521 1292 764 1382 pompositione
784 1299 902 1380 aptus,
929 1291 1091 1358 facultate
1105 1293 1223 1380 eopio-

128 1402 214 1465 ωας
243 1399 350 1466 eaque
365 1385 440 1446 erat
452 1400 527 1447 curn
540 1402 671 1449 summo
684 1379 817 1469 ingenio
834 1386 905 1447 turn
917 1379 1221 1449 exercitationibus

203 1537 265 1590 302.
299 1536 489 1599 collectiones]
512 1536 705 1591 coniectiones
722 1539 765 1590 ed.
782 1551 825 1602 pr.
842 1540 872 1590 et
886 1537 963 1588 codd.
980 1535 1111 1588 nonnmti.

202 1618 305 1660 memor
316 1614 344 1658 st
357 1609 440 1671 quae]
463 1608 633 1661 memoriter
647 1611 677 1661 et
690 1621 763 1676 qaae
779 1609 820 1660 ad.
833 1620 875 1672 pr.
908 1619 1017 1659 memor
1029 1617 1130 1658 eoram
1145 1620 1223 1676 qnae

116 1704 122 1727 ι
167 1677 290 1729 Grattius
314 1677 473 1729 eoniieiebat
495 1678 524 1728 ln
547 1679 611 1729 edit.
626 1678 748 1745 mmorep
774 1689 854 1741 quara
871 1676 1051 1738 suspicionem
1068 1677 1174 1739 pressit
1192 1676 1237 1730 in-

168 1749 212 1798 ed.
229 1748 348 1812 minora3
369 1748 421 1799 ssd
434 1746 566 1812 probabat
581 1760 643 1800 eam
660 1748 749 1803 ilerd.
764 1746 794 1799 iu
807 1748 888 1799 tm·
904 1747 936 1800 Τ.
948 1746 987 1797 11.
1001 1752 1028 1811 p.
1042 1745 1103 1798 528.

132 1899 241 1954 mestioi
254 1913 307 1953 non
318 1902 491 1968 refugerent,
513 1900 535 1953 tt
543 1894 656 1954 ‘nabita-
683 1900 778 1955 ‘dieta
821 1902 942 1954 Eandem
972 1899 1223 1954 enumerationem
1256 1962 1259 1971 ,

132 1982 193 2023 turn
205 1971 354 2022 orationum
365 1978 523 2036 arguments
535 1971 656 2035 perseri-
696 1973 763 2023 dicit
775 1970 816 2022 De
829 1971 987 2021 inventione
999 1970 1023 2036 t,
1038 1969 1082 2022 52.
1106 1967 1150 2021 Gt·
1165 1970 1221 2022 iir-

133 2039 656 2105 bebantatadpublieamnotitisntpro-
695 2053 731 2093 ne
791 2041 965 2091 trenteehn.
979 2051 1043 2088 nv.
1078 2039 1221 2103 [inteilige

132 2109 279 2172 mebant.
312 2110 349 2160 V.
362 2117 452 2162 aunon
465 2105 593 2176 ino-24,
609 2111 654 2159 tit.
696 2123 729 2162 eo
782 2111 926 2161 stoecrun
940 2107 1140 2173 stinagium,
1157 2109 1221 2172 qni-

186 2178 261 2227 nutio
286 2179 437 2241 referente]
470 2179 531 2230 Non
556 2177 655 2242 liquem
695 2178 909 2243 busdbeiptine
927 2178 1072 2228 memoriae
1086 2177 1221 2230 artificia-

133 2241 295 2308 interpretes
315 2244 412 2299 autern
425 2247 516 2300 silent.
548 2240 655 2298 Mebol-
696 2249 733 2299 lis
745 2249 939 2299 continebatur.
956 2245 1071 2310 copiose
1081 2258 1139 2298 rem
1153 2260 1220 2311 per·

129 2315 185 2365 dns
198 2315 334 2379 interpres
348 2319 529 2368 vernaculus:
553 2328 588 2368 er
607 2314 655 2367 be·
697 2327 807 2370 secutus
819 2315 1099 2380 estnorgensnrntns
1111 2319 1146 2368 de
1158 2324 1221 2368 arta

130 2381 207 2438 nnn
223 2384 296 2452 aneis
314 2387 371 2438 atie
393 2385 496 2439 Worte
514 2384 654 2453 derep-
695 2395 819 2439 veterum
845 2386 1013 2437 mnemontee
1039 2399 1066 2447 p.
1088 2385 1134 2438 te.
1159 2398 1219 2449 sqq.

119 2458 204 2516 atter,
228 2455 301 2508 atne
318 2456 387 2522 dass
400 2454 459 2506 iim
472 2455 593 2506 demand
606 2455 655 2504 be-
697 2457 783 2509 Huius
803 2457 887 2520 igitur
905 2468 955 2516 ope
968 2454 1132 2506 Hortensius
1148 2466 1220 2506 esa.

132 2522 275 2590 annecte,
292 2524 333 2576 im
347 2525 552 2592 Geddeiitntfs.
584 2525 662 2584 Quid*
697 2534 772 2578 seret
790 2535 900 2576 memor
916 2526 1033 2576 omniurn
1050 2524 1084 2575 ab
1103 2531 1221 2589 unaque

59 2588 64 2597 ’
129 2593 184 2642 boe
203 2595 255 2645 sibi
273 2594 343 2645 velit
362 2596 465 2646 neseio.
508 2594 655 2660 [Respicit
696 2603 772 2659 parte
786 2595 940 2652 dictorum]

130 2663 237 2731 opinor,
254 2664 289 2714 ad
301 2663 376 2714 illem
387 2663 570 2714 defensionum
584 2661 656 2712 inter
748 2667 810 2715 303.
844 2665 871 2714 in
890 2677 920 2712 v.
937 2661 1079 2725 splendore
1092 2663 1221 2725 elegans]

131 2732 226 2793 piures
235 2732 420 2795 partitionem:
436 2734 469 2784 de
483 2745 537 2795 qua
549 2731 616 2781 dixit
629 2743 654 2780 e.
695 2731 819 2796 Diligens
832 2740 860 2782 et
870 2733 1014 2782 verborum
1027 2731 1157 2782 bonorum
1171 2734 1221 2782 de-

133 2800 493 2866 &adsumpserimus
506 2801 559 2866 iis,
583 2814 655 2866 quoa
696 2798 796 2853 ieotuin
825 2802 940 2852 iaciens.
988 2799 1221 2863 praepositionem

131 2882 191 2918 non
203 2871 382 2922 andivimus:
403 2872 435 2923 in
455 2885 510 2939 qno
526 2871 654 2938 prienam
696 2872 841 2922 tollendam
860 2873 971 2933 putabat
991 2870 1111 2925 Ellendt.
1146 2872 1220 2933 [ooo

131 2951 217 3006 saepe
236 2940 326 2993 aliter
346 2943 391 2993 est
410 2941 534 3006 dictant,
564 2941 653 2993 aliter
696 2941 839 2991 valentin
858 2940 1020 3005 significabit
1032 2940 1065 2988 de
1079 2940 1165 3003 Lege.
1180 2940 1219 3006 tl,
1242 2942 1249 2951 '

131 3008 234 3065 ainos
248 3012 396 3071 relatam]
697 3007 740 3061 14.
763 3023 828 3059 cnm
843 3008 1219 3074 nsottneaimiadioinaqae

182 3082 245 3133 aot.
264 3081 425 3145 cupiditate]
437 3077 530 3129 Studio
539 3073 654 3128 dicendi.
695 3079 832 3133 videntur
844 3079 973 3129 Athenae
987 3080 1056 3128 tane
1068 3080 1219 3144 peperisse

183 3151 357 3213 partitiones]
393 3149 553 3200 llortensius
579 3147 653 3197 ordi·
694 3151 783 3215 atpne
800 3149 906 3199 incita
920 3147 1062 3198 bominum
1076 3149 1217 3200 atttdisee.

129 3225 193 3272 nem
213 3227 241 3270 et
261 3219 392 3270 formulas
407 3217 538 3279 partiendi
552 3216 653 3279 primus
695 3219 779 3268 Pione
788 3220 821 3268 de
833 3219 881 3266 hoe
888 3228 986 3280 gernere
995 3218 1218 3282 cottegttnutmtn

131 3287 161 3339 in
173 3290 351 3351 eloquentiam
370 3290 516 3339 Romanam
531 3286 653 3338 introdu-
693 3286 723 3338 tn
734 3283 966 3351 venet.11,43.]

132 3357 182 3406 xit.
206 3356 302 3407 cicero
314 3359 498 3418 sparnone
512 3368 652 3418 pressum:
745 3356 877 3408 fatuitate
891 3355 1029 3417 copiosus]
1047 3355 1153 3406 liet-ura
1168 3356 1218 3405 ab·

131 3425 197 3544 pais
210 3428 239 3481 te
253 3429 306 3476 aot
321 3428 366 3478 eet
377 3428 429 3477 out
449 3427 509 3493 fuit
525 3438 652 3490 anonam
694 3427 799 3476 undans
819 3432 879 3475 erat
897 3425 975 3487 eopia
993 3425 1108 3477 dicendi.
1144 3426 1218 3486 [Fa-

31 3502 34 3511 ·
144 3508 162 3543 n
172 3493 340 3559 partiendis
352 3496 451 3556 retias,
468 3495 500 3547 tn
513 3493 652 3560 delinien-
692 3497 787 3546 cottae
800 3495 903 3557 proprie
917 3496 1035 3545 retertur
1044 3496 1079 3545 sd
1089 3505 1169 3545 usunr
1176 3495 1220 3544 et-

130 3564 194 3627 die,
227 3563 260 3615 in
285 3565 473 3628 explanandis
496 3557 652 3624 pressior?
694 3565 771 3614 cendi
785 3561 969 3614 coinfirmatum
986 3566 1029 3622 (v.
1044 3570 1135 3615 annot.
1148 3564 1179 3615 in
1193 3576 1218 3620 e.

131 3633 216 3684 caius
230 3643 319 3683 tamen
333 3645 471 3694 operosam
487 3634 652 3697 diligentiam
693 3633 737 3685 95.
751 3635 771 3682 i.
782 3636 823 3684 de
836 3633 911 3684 Oret.
925 3634 948 3697 1,
959 3635 986 3686 8.
1000 3635 1064 3684 eott.
1080 3633 1217 3695 samario
1256 3692 1261 3707 ι

80 3742 84 3749 ,
129 3711 160 3754 et
171 3702 200 3751 in
213 3702 311 3766 digitos
325 3703 402 3766 qussi
415 3703 552 3754 deductas
566 3703 652 3754 irrisit
693 3703 722 3753 in
736 3703 806 3754 itist..
821 3706 890 3767 Aug.
908 3704 938 3752 t.
951 3702 974 3753 1.
989 3717 1015 3765 p·
1031 3704 1124 3764 187.);
1146 3705 1217 3765 quod

130 3784 158 3835 p.
178 3771 268 3840 Quint.
284 3771 326 3824 to.
344 3778 372 3820 et
392 3770 483 3820 Dicin.
501 3772 529 3821 in
549 3771 651 3822 Caecit.
694 3785 755 3824 enrn
766 3785 818 3822 non
830 3774 941 3822 muttum
961 3773 996 3823 ab
1014 3771 1158 3839 facilitate
1169 3784 1218 3823 re-

131 3841 175 3894 tt.
204 3842 277 3904 Quid
296 3852 361 3891 cum
379 3842 571 3893 commanente
584 3844 652 3894 toas
693 3843 783 3907 cedat,
801 3841 1025 3894 eritieinonrero
1038 3844 1217 3894 imevoeen

130 3913 258 3966 membra
274 3911 407 3964 dividere
426 3911 553 3975 coeperit
572 3913 602 3965 et
620 3911 653 3961 in
692 3910 735 3962 illi
748 3912 958 3975 substituerunt,
974 3912 1045 3961 utin
1057 3910 1167 3971 Quintil.
1179 3912 1216 3976 x,

130 3982 232 4050 dipitis
250 3982 310 4032 suis
329 3981 457 4044 “nmina
466 3982 569 4046 partae
581 3994 652 4032 aaa·
694 3983 720 4042 1,
737 3977 780 4031 44.
803 3981 937 4034 Notabilis
949 3987 993 4030 est
1008 3982 1085 4031 locus
1098 3979 1171 4032 btat.
1183 3982 1217 4031 de

131 4044 397 4106 amsanctitosrei
693 4049 781 4105 (iram.
801 4055 845 4104 33.
881 4063 972 4117 nepae
996 4050 1071 4101 emm
1094 4053 1163 4103 arte
1186 4052 1216 4106 et
1244 4054 1246 4059 '

182 4121 385 4179 collectiones]
409 4119 533 4172 sommas
558 4130 652 4170 eorum
693 4118 831 4184 scientia,
853 4122 904 4171 sed
919 4119 1107 4187 tenpemapts
1121 4121 1216 4186 saad-

132 4200 202 4256 qsse
218 4191 266 4242 vei
283 4202 303 4244 a
318 4188 395 4241 nobis
406 4189 453 4241 vei
466 4189 502 4241 ab
513 4186 577 4242 titis
589 4195 653 4240 sont
694 4190 757 4244 tate
768 4189 960 4258 eloquentiam
971 4189 1162 4253 contimtl.
