2676 4748
550 377 553 386 .
591 307 677 403 cap.
698 312 736 380 d.
1167 310 1213 381 19

119 503 269 591 inquam,
286 488 409 579 Brute,
432 495 509 565 dico
522 497 648 564 lilsrum
663 497 744 565 miii
758 495 862 577 saluti
874 493 992 563 fuisses
1034 490 1099 565 iv.
1116 496 1210 570 Tun

118 591 285 666 Atticus,
305 587 570 677 Optatissimum
584 588 666 653 milii
680 585 896 676 quidem'est,
918 581 1008 673 quod
1021 582 1126 652 dieis:
1147 589 1210 655 sed

118 677 203 768 qaid
223 674 358 742 tandem
379 675 498 740 habuit
521 675 611 740 liber
628 677 713 755 iste,
740 671 832 761 quod
854 673 918 739 tihi
938 679 998 738 aut
1012 682 1134 739 novum
1149 683 1210 742 aut

119 773 216 834 tento
236 767 317 829 usui
337 771 457 850 posset
476 756 577 828 esse?
621 765 675 831 15.
702 760 768 828 Ille
783 780 863 827 vero
885 767 922 825 et
935 781 1039 841 nova,
1061 761 1210 849 inquam,

120 854 202 919 milri
221 851 356 938 quidem
373 852 479 915 multa
497 857 533 915 et
549 869 622 914 eam
636 849 841 929 utilitatem,
869 869 969 935 quam
984 850 1210 934 requirebam,

119 949 170 1007 ut·
180 940 359 1027 explicatis
379 938 555 1003 ordinibus
569 948 758 1025 temporum
771 957 838 1001 uno
853 935 889 1000 in
903 944 1085 1023 conspectu
1099 939 1211 1005 omnia

121 1027 289 1095 viderem:
312 1038 399 1112 quae
418 1048 492 1090 oum
507 1025 660 1090 studiose
673 1031 822 1091 tractare
837 1024 1035 1112 coepissem,
1055 1023 1133 1114 ipsa
1146 1029 1210 1092 mi·

120 1117 156 1182 lai
175 1115 337 1182 tractatio
359 1115 551 1178 litterarum
572 1112 734 1179 salutaris
749 1113 817 1177 fuit
833 1110 1087 1198 admonuitque,
1108 1111 1210 1179 Pom-

121 1204 220 1295 poni,
240 1207 312 1266 uta
328 1207 363 1266 tc
377 1202 454 1289 ipso
468 1221 638 1266 sumerem
655 1199 785 1286 aliquid
801 1196 844 1263 ad
859 1214 911 1264 me
927 1197 1143 1267 reficiendum
1158 1211 1211 1268 te-
1284 1212 1285 1215 ’

123 1313 187 1381 que
209 1288 491 1355 remunerandum
515 1288 546 1353 si
565 1309 631 1353 uon
653 1288 745 1374 pari,
768 1292 804 1351 at
817 1292 915 1370 grato
929 1293 1040 1352 tamen
1055 1306 1210 1357 munere:

122 1399 323 1471 quamquam
339 1374 634 1441 illudllesiodium
649 1374 843 1461 laudatura
857 1372 978 1454 doctis,
993 1375 1084 1462 quod
1094 1376 1211 1445 eadem

123 1486 282 1533 mensura
300 1456 444 1529 reddere
465 1463 578 1543 iubet,
629 1483 671 1526 ua
690 1461 880 1548 acceperis,
903 1462 1079 1533 autetiam
1096 1486 1213 1530 eumn-

124 1553 267 1631 latiore,
299 1551 332 1614 si
350 1550 476 1638 possis.
520 1554 575 1618 16.
602 1483 676 1633 dago
698 1555 809 1613 autem
825 1549 1034 1615 voluntatem
1048 1550 1112 1616 tibi
1157 1564 1212 1617 ru*-

121 1642 212 1707 iecto
227 1638 379 1717 emetiar,
395 1635 455 1703 sed
464 1654 541 1701 ¹rem
553 1636 663 1724 ipsam
679 1633 825 1701 nondum
840 1656 941 1722 posse
954 1635 1088 1720 videor,
1108 1638 1121 1703 i
1145 1660 1213 1727 que
1277 1725 1281 1729 ι

122 1735 162 1807 ut
186 1727 361 1812 ignoscas,
384 1745 402 1788 a
418 1731 453 1790 te
469 1729 577 1813 peto„
604 1721 678 1790 Nec
693 1720 779 1789 enim
794 1743 836 1787 ex
852 1722 947 1787 novis
971 1722 1027 1807 (ιιι
1044 1725 1213 1810 agricolae

123 1812 252 1898 solent)
267 1808 446 1897 ‚fructibus
470 1818 523 1877 est
541 1807 632 1876 undo
653 1809 718 1876 tibi
737 1808 877 1875 reddam
892 1807 984 1896 quod
1003 1813 1135 1901 accepia
1162 1814 1214 1881 sic
1300 1813 1302 1820 ⁸

89 1980 95 1987 ¹
123 1902 232 1968 omnis
247 1900 338 1964 fetus
352 1919 544 1986 repressus,
555 1898 832 1986 exustasqueilos
842 1897 1034 1982 sitiretcris
1044 1899 1213 1968 ubertmis

191 2076 222 2128 c,
236 2074 263 2128 4.
279 2072 322 2126 15.
355 2076 442 2127 muita
456 2083 484 2125 et
497 2076 572 2136 eam]
590 2075 684 2126 muita
697 2073 801 2126 adedit
815 2073 921 2126 etcum
939 2075 1029 2127 Gueli.
1038 2079 1064 2128 1.
1088 2078 1211 2134 Verbum

104 2162 108 2167 ·
129 2178 141 2185 .,
155 2148 261 2198 attulit
273 2145 348 2208 quod
360 2146 389 2194 in
398 2156 457 2195 ,uno
468 2145 562 2195 codice
573 2145 668 2196 flacii.
682 2144 831 2203 invenitur,
848 2147 882 2195 ab
897 2157 930 2194 eo
944 2144 1058 2197 videtum
1066 2149 1211 2218 adiectum,

156 2217 205 2280 qai
218 2215 453 2266 deiectumverti
462 2214 598 2264 duriorem
611 2215 739 2278 patabat.
763 2215 825 2264 led·
835 2214 1038 2277 intelligendum
1052 2215 1159 2271 dabam.

132 2331 144 2339 ,,
194 2297 248 2348 qua
267 2283 424 2344 acceperis]
453 2284 539 2333 Recte
560 2284 673 2334 Beierus
692 2284 721 2332 in
742 2280 865 2337 Ciuilis.
883 2285 1070 2347 r.1.p.115.
1088 2290 1216 2344 emendet
1309 2294 1312 2303 '

129 2399 133 2406 .
153 2367 235 2422 qum
248 2351 407 2416 occeperis.
441 2353 486 2410 [ld
499 2352 597 2401 malins
610 2353 772 2415 intelligitur
785 2364 864 2413 quarn
880 2353 1096 2416 pronunciatum]
1127 2387 1130 2391 -

76 2469 79 2485 ,
193 2426 240 2475 16.
273 2422 408 2480 emetiar]
420 2421 466 2471 Sic
481 2429 509 2471 ec
523 2422 566 2471 ed.
581 2433 623 2484 pr.
647 2422 670 2471 1.
684 2423 898 2472 onvclautatsto
909 2424 1040 2486 aequabo.
1056 2425 1211 2496 cmiter,
1276 2420 1279 2433 '

159 2490 239 2543 Rivii
253 2491 449 2554 coniecturam,
472 2489 569 2541 Lami.
591 2488 690 2542 Wctz.
715 2489 829 2538 scutica.
887 2530 890 2535 .
1202 2503 1209 2511 ·

196 2559 245 2608 siti
257 2559 360 2608 veteris
372 2560 519 2618 ιιιοιιιιιιι]
543 2559 721 2623 coactusque
732 2553 787 2623 tice
801 2553 869 2607 siti.-
884 2557 997 2610 veteris
1008 2558 1153 2613 cenem
1169 2564 1214 2617 ed.

129 2678 134 2688 ,
157 2628 357 2692 pucellae-mio
366 2629 512 2679 verborum
524 2630 653 2691 postulat,
669 2635 699 2676 ιιι
711 2627 762 2677 sits·
775 2627 886 2678 veteris
901 2628 1044 2680 ubertatis
1058 2630 1214 2696 iungantur.

146 2699 191 2756 ‚ln
212 2709 267 2761 qna
284 2697 400 2747 lectione
416 2711 478 2747 cum
496 2697 576 2747 multi
596 2700 756 2767 haererent,
778 2699 945 2759 transposuit
957 2699 1104 2750 Lambinus
1122 2705 1215 2766 (quera

149 2767 283 2831 acquam
294 2767 447 2826 misceto:
471 2767 515 2818 sic
534 2767 626 2817 manis
643 2767 724 2834 fetus
736 2777 895 2841 separasses³
904 2767 1083 2834 onustusque
1096 2769 1148 2823 siti
1158 2770 1216 2839 lios

115 2925 134 2947 ’“
173 2934 255 3000 [nihi
268 2933 466 2996 saiutifaisse]
484 2935 574 3005 idest,
589 2934 660 2989 ani-¹
745 2937 789 2987 16.
812 2937 860 2997 [ex
872 2935 962 2998 noris,
977 2945 1008 2989 ιιι
1019 2939 1158 3004 agricolae
1168 2953 1216 2994 so·

121 3014 181 3060 mos
193 3018 270 3057 meos
283 3008 411 3069 viresque
424 3007 561 3057 excitasse
569 3013 651 3058 etre-
692 3009 759 3066 lent,
772 3007 920 3068 fructibus]
932 3009 1061 3074 Tibulli,
1075 3012 1100 3074 1,
1114 3015 1164 3064 11.
1174 3012 1218 3066 lt

123 3079 261 3138 creasse]
693 3076 881 3142 quodeunque
901 3077 973 3127 milit
993 3090 1108 3142 panum
1124 3094 1218 3134 aucas

129 3154 132 3159 ·
174 3139 300 3196 0115.
333 3139 445 3205 ipsam.
460 3143 587 3196 tractatio
600 3143 650 3195 lit-
692 3147 798 3196 educat
815 3148 1083 3213 cacus,1.ioctcm
1097 3150 1218 3216 aprico·

122 3215 259 3274 aerarum]
276 3213 349 3262 ruas
360 3213 429 3260 liber
442 3213 510 3262 adeo
523 3225 650 3264 mecam·
692 3217 738 3265 icc
754 3216 877 3278 ponitur
894 3218 963 3267 cate
978 3218 1039 3266 deo.
1074 3221 1125 3269 Ubi
1137 3223 1218 3284 lisy,-

121 3283 223 3349 novit,
239 3289 271 3333 ut
283 3293 318 3330 ex
332 3292 363 3330 ec
376 3281 437 3343 ipso
450 3283 590 3333 materiam
601 3297 651 3333 su·
693 3286 755 3333 nius
782 3281 911 3348 ascripsit
932 3287 1074 3340 censorin.
1097 3291 1123 3338 1.
1152 3301 1226 3341 suan

121 3364 226 3403 merem
239 3351 282 3402 tui
294 3352 497 3401 remunerandi:
515 3352 652 3404 cocenim
692 3356 887 3419 perceperunt
907 3356 1030 3425 saepes,
1061 3360 1218 3427 antequam

121 3421 210 3488 Ιιιιο,
234 3420 280 3484 qui
301 3418 440 3470 historiam
455 3426 591 3489 oratorum
604 3434 652 3471 or-
692 3426 896 3490 vescerentur,
913 3425 959 3476 dis
975 3426 1218 3481 litareiastitue-

67 3544 70 3555 ‚
122 3490 234 3540 dinibus
253 3499 403 3551 temporum
421 3489 455 3539 ab
469 3487 561 3541 Attico
582 3492 651 3541 deii-
692 3492 788 3550 ruat]

122 3559 188 3609 niuis
203 3559 337 3622 continet,
362 3553 478 3608 amiciam
492 3571 651 3612 remunera·
745 3563 832 3621 [tetus
845 3563 1003 3624 repressus]
1024 3563 1217 3626 Proventusin

122 3634 236 3678 tas‘est.
273 3628 368 3690 ltaque
381 3626 455 3676 nulio
470 3627 529 3678 iure
543 3630 652 3693 quidam
691 3626 761 3693 ipsis
774 3631 926 3695 primordiis
939 3632 1060 3696 deletus3
1087 3647 1154 3685 nos:
1176 3634 1218 3687 ise

122 3695 150 3747 iu
168 3696 228 3747 illis
243 3711 263 3747 o
274 3699 303 3747 tc
316 3696 378 3759 ipsc
393 3696 570 3761 offenderunt.
692 3698 792 3753 Keimc
807 3701 940 3752 ersticict.
973 3699 1077 3754 Deinde
1094 3705 1218 3755 acastus

134 3762 138 3773 '
174 3766 348 3825 Hesiodium]
357 3758 437 3831 Ἕργ.
450 3764 515 3829 347,
529 3765 574 3820 48.
593 3767 650 3817 lte·
692 3769 745 3835 ties
766 3770 818 3820 siti
835 3773 921 3821 artius
939 3783 1002 3820 esse
1020 3771 1154 3836 iungenda
1169 3774 1219 3823 du-

121 3840 181 3886 rum
196 3828 267 3885 udus
278 3842 321 3885 est
333 3836 432 3884 addet.
443 3835 522 3897 xiii,
539 3839 580 3888 12.
600 3849 650 3903 epo
694 3846 757 3888 ceut
775 3843 822 3890 vei
842 3842 980 3906 exempla,
1004 3840 1099 3903 qrribus
1111 3841 1157 3890 siti
1168 3842 1218 3892 iao-

122 3906 222 3955 outem
242 3917 288 3955 me
306 3903 445 3968 parabam
458 3905 496 3954 ud
508 3907 540 3955 ici
576 3907 652 3971 quoti
693 3909 781 3958 mines
794 3910 870 3958 exciri
882 3910 1022 3961 dicuntur:
1039 3909 1117 3970 quasi
1129 3910 1221 3962 iisset

122 3972 173 4024 ἄιε
191 3972 265 4024 milii
289 3974 434 4039 misisset,
464 3976 499 4023 at
517 3972 593 4039 αυτῷ
613 3971 654 4040 τῷ
695 3977 888 4030 incrementum
919 3977 1104 4029 deficientibus
1128 3979 1222 4031 succis

122 4039 224 4112 μέτρῳ,
241 4038 387 4098 ualidior,
404 4045 430 4091 sa·
443 4045 525 4095 modo
536 4045 652 4108 potuis·
694 4054 722 4096 et
740 4048 827 4109 copiis
844 4049 949 4112 vigoris
970 4047 1074 4097 veteris
1093 4049 1221 4101 cesserit.

114 4124 193 4170 scm.
235 4125 305 4162 acm
325 4110 379 4160 dcc
398 4111 488 4163 etiam
509 4113 652 4167 Hesiodus
695 4117 766 4167 Nam
787 4119 910 4168 casatos
929 4128 983 4167 non
1001 4117 1036 4167 ad
1053 4115 1131 4180 ignes
1151 4117 1222 4170 solis

124 4180 266 4247 uenat,
284 4173 463 4246 aiissddvaas.
581 4192 584 4201 '
694 4186 823 4251 refertur,
840 4187 955 4249 quitum
968 4184 1222 4248 temporiscieero·

947 4250 1008 4316 2st
