2676 4748
643 42 775 153 ⁸⁸.

595 261 682 358 (lap.
702 264 762 337 68.
1000 241 1004 248 ¹
1155 265 1223 345 lea
1283 315 1293 332 .

135 446 427 535 uerocompluree
447 446 584 517 niuno
606 448 726 536 dignos
747 450 913 539 elegantis
931 457 1113 520 convenius
1128 455 1219 521 auri·

133 536 201 603 ltus
221 535 418 623 aptissimos
438 536 576 621 cognovi
596 536 801 606 turbulentis
812 538 1049 621 concionibus.
1091 539 1168 627 Quo
1182 541 1219 609 in

132 645 258 709 genere
279 623 336 708 (66
357 624 391 689 16
409 623 463 689 liis
486 624 678 712 perturbem
693 633 840 693 aetatum
856 625 1023 715 ordinem)
1052 647 1160 717 nuper
1173 625 1218 700 l..

135 712 298 799 Quintius
319 711 403 784 luit.-
434 711 547 799 aptior
565 714 665 779 etiam
688 710 868 781 Palicanus
889 715 1028 781 auribus
1043 716 1217 804 imperito-

131 819 224 866 rum.
273 800 352 864 224.
381 795 428 864 Ε6
448 801 604 886 quoniam
628 801 729 868 buius
751 802 884 886 generis
901 803 992 869 facta
1012 805 1136 868 mentio
1151 811 1216 886 est,

132 885 371 953 seditiosorum
388 887 533 952 omniurn
549 894 627 976 post
641 888 812 956 Gracchos
829 888 871 957 Ι..
885 890 1079 978 Appuleius
1095 889 1221 957 Seium

130 975 233 1055 uiuus
257 973 554 1060 eloquentissimus
572 976 665 1043 visus
686 983 756 1059 6666
785 977 891 1064 magis
914 977 1027 1066 specie
1050 984 1217 1046 tamensi

133 1068 229 1128 motu
251 1071 353 1148 atque
372 1062 447 1148 ipso
472 1062 595 1128 amictu
617 1064 772 1150 capiebat
785 1064 951 1147 homines,
997 1087 1072 1131 uam
1089 1070 1149 1131 aut
1163 1061 1216 1132 di-

131 1145 229 1215 cendi
253 1148 349 1235 copia
371 1156 431 1215 aut
451 1149 684 1216 mediocritate
704 1149 915 1239 prudentiae.
965 1087 1082 1239 flonge
1101 1158 1213 1218 autern

132 1245 214 1324 post
234 1243 331 1301 natos
350 1235 500 1302 homiues
519 1237 789 1325 improbissimus
811 1236 851 1307 G.
873 1238 1039 1306 Servilius
1062 1239 1215 1322 Glaucia,

131 1321 196 1391 scd
206 1329 386 1411 peracutus
402 1329 438 1390 et
451 1324 595 1390 callidus
608 1347 681 1391 cum
694 1326 880 1414 primisque
894 1326 1070 1394 ridiculus.
1120 1325 1152 1392 is
1174 1349 1215 1393 ex

130 1413 273 1477 summis
293 1419 328 1476 et
349 1411 504 1477 fortunae
526 1422 561 1477 et
579 1414 669 1479 vitae
693 1412 851 1481 sordibus
872 1413 907 1480 in
922 1423 1082 1503 practura
1096 1414 1214 1487 consul

130 1497 240 1567 iactus
262 1506 373 1581 esset,
399 1497 432 1565 si
447 1499 610 1566 rationem
628 1500 701 1568 eius
714 1501 832 1570 haberi
843 1501 946 1569 licere
960 1501 1146 1571 iudicatum
1160 1522 1215 1571 ee·

182 1655 371 1805 uelut

198 1815 231 1863 L.
249 1815 387 1879 Quintio-s]
415 1816 519 1876 scripsi
536 1829 597 1865 cum
614 1817 656 1866 ed.
673 1828 715 1879 pr.
747 1815 782 1868 L.
799 1816 952 1883 Quinctius
973 1818 1049 1881 vulg.
1083 1812 1214 1871 studitae
1259 1811 1265 1824 '

162 1884 239 1933 codd.
259 1884 372 1946 probant
389 1884 595 1949 Quintilianus.
959 1906 961 1913 ¹

195 1953 262 2013 luit]
285 1956 369 2003 Deest
386 1955 427 2002 cd.
445 1967 486 2013 pr.
742 2006 743 2011 ,

197 2022 358 2082 Palicanus]
382 2022 417 2072 Ρ.
432 2022 568 2075 Alicauus
585 2023 627 2072 ed.
643 2034 684 2083 pr.

160 2089 258 2212 60ἓ24.
297 2091 462 2154 Appuleius]
485 2091 624 2158 Apuleius
640 2093 684 2142 ed.
700 2103 742 2154 pr.
776 2089 812 2142 V·
830 2089 901 2141 Dok.
918 2087 947 2142 16
960 2088 1035 2141 uror.
1048 2089 1107 2158 111,
1126 2090 1169 2175 ¹²5
1185 2100 1213 2153 p.

125 2333 200 2383 otum
212 2332 245 2381 de
258 2344 289 2382 re
302 2329 451 2383 6666666616
464 2330 537 2381 dedic
554 2343 579 2382 6.
589 2329 651 2382 668.
692 2328 856 2380 tribunatum
876 2326 963 2391 gessit
984 2340 1010 2380 a.
1022 2325 1084 2380 654.
1101 2338 1163 2378 cunt
1178 2329 1214 2381 ab

127 2412 215 2462 66666
228 2412 260 2450 re
273 2401 364 2462 populi
379 2399 496 2464 gratiam
513 2401 650 2462 captavit:
691 2398 779 2449 Mario
797 2399 908 2449 consuls
934 2396 1042 2448 adiutus
1064 2396 1214 2449 auctorita-

128 2469 649 2520 6611616116111116666.1166666661.
693 2478 748 2518 tem
770 2473 883 2517 senatus
906 2465 1023 2516 maxime
1050 2465 1213 2517 comminuit.
1281 2520 1285 2532 Ι

127 2534 263 2600 pcxlv.
277 2545 305 2586 66
317 2540 443 2589 Niebuhr.
458 2539 536 2588 1616.
551 2539 581 2589 Τ.
597 2537 648 2588 111.
691 2537 745 2588 Sed
764 2547 825 2585 cum
843 2535 982 2585 Metellum
998 2534 1167 2585 Numidicum
1184 2533 1213 2586 iu

127 2622 157 2671 p.
170 2602 232 2658 647.
257 2604 357 2672 Contra
368 2609 470 2659 Sullam
484 2605 575 2673 stetit,
592 2614 619 2655 66
631 2619 649 2658 6
690 2605 801 2655 exilium
813 2603 1002 2669 compulisset,
1019 2611 1047 2653 ot
1060 2602 1213 2655 Memmium

126 2674 554 2747 86116616666666666166.672,
571 2677 648 2726 Adde
690 2675 861 2726 candidatum
882 2673 1039 2724 consulatus
1058 2672 1214 2740 occidisset,

124 2744 219 2795 Drum-
236 2746 267 2794 Τ.
275 2744 311 2797 11.
323 2759 349 2807 6.
357 2744 417 2796 468.
425 2747 488 2797 6611.
505 2746 648 2796 1166616166.
690 2743 795 2794 Marius
807 2742 868 2805 ipse
881 2754 934 2792 non
946 2741 1061 2804 amplius
1069 2754 1128 2791 eum
1138 2743 1214 2792 ieme

124 2812 153 2865 iu
166 2813 188 2863 1.
201 2813 276 2864 Orat.
290 2817 340 2882 39,
361 2817 421 2868 178.
690 2813 791 2877 potuit,
814 2813 863 2862 sed
877 2825 925 2874 per
939 2812 1080 2862 tumultum
1098 2810 1213 2861 interle-

177 2884 210 2935 L.
224 2882 363 2944 Quintius]
380 2886 414 2935 L.
423 2881 547 2943 Quintius
561 2883 648 2936 tribu·
691 2884 738 2933 616.
772 2880 953 2943 66116116.
970 2879 1072 2933 LXIX.

123 2964 177 3002 666
190 2951 226 3013 61.
241 2965 266 3002 a.
281 2953 341 3003 680.
358 2953 435 3005 66166
449 2953 477 3002 16
489 2952 651 3006 Cluentiano
743 2949 774 3001 8.
788 2949 923 3001 Servilius
938 2950 1067 3008 Glaucia]
1090 2947 1120 2998 16
1137 2943 1213 3010 pari-

123 3033 151 3070 o.
164 3017 208 3071 46.
233 3020 264 3071 tit
273 3020 395 3079 'mentior
421 3029 561 3084 presserat
577 3023 649 3072 euim
690 3027 734 3073 ter
747 3026 828 3086 atque
841 3020 991 3082 Appuleius
1004 3015 1148 3069 1666111616
1162 3029 1211 3068 66-

65 3132 76 3169 ,
125 3090 287 3141 ttnrbulentis
305 3092 479 3141 concionibus
496 3089 648 3142 Cluentium
690 3091 781 3140 telles.
815 3089 891 3140 Idem
909 3089 938 3138 iu
955 3089 1091 3139 tribunatu
1111 3097 1137 3136 6.
1149 3084 1211 3138 oto.

123 3159 267 3225 Quintius,
289 3168 320 3211 ut
337 3161 494 3222 Quintiliani
507 3170 570 3212 utar
583 3174 649 3212 ver·
688 3160 778 3223 legem
790 3156 958 3209 iudiciariam
969 3157 1048 3222 tulit,
1065 3163 1095 3206 ul
1107 3155 1213 3218 equites

123 3227 167 3279 bis
181 3230 218 3293 V,
238 3231 287 3295 13,
304 3233 346 3279 33.
690 3229 742 3277 6611
756 3241 791 3277 ex
803 3229 865 3291 lege
877 3225 1035 3287 Sempronia
1047 3223 1212 3276 iudicarent:

177 3297 340 3356 Palicanus]
364 3301 400 3348 Μ.
417 3299 521 3349 Lollius
539 3298 648 3352 Palica-
688 3298 780 3360 itaque
803 3298 850 3346 lex
873 3296 984 3346 Servilii
1010 3307 1037 3347 6.
1063 3290 1124 3344 648.
1152 3294 1212 3345 lata

123 3377 192 3430 666,
217 3380 296 3429 quern
313 3368 461 3417 Sallustius
477 3371 548 3431 apud
562 3369 647 3428 Quin·
690 3369 821 3430 abrogata
832 3372 884 3415 est.
918 3365 1021 3415 Deinde
1038 3371 1147 3427 praetor
1165 3364 1211 3414 fs-

83 3478 86 3483 .
123 3435 247 3486 61116666
268 3435 317 3498 lV,
333 3440 367 3498 2,
385 3439 410 3484 2.
442 3438 482 3486 616
502 3438 647 3486 describit:
689 3431 1212 3494 666666566166666166666161666

122 3501 165 3554 Μ.
177 3503 287 3554 Lollius
298 3506 460 3569 Palicanus,
478 3509 540 3556 loco
553 3506 648 3556 166666·-
689 3505 824 3555 tribunum
842 3504 963 3566 66116616,
988 3516 1048 3553 curu
1063 3513 1148 3566 coque
1162 3512 1211 3562 per

121 3573 163 3635 li,
179 3573 298 3640 Picens,
320 3576 428 3640 166666
448 3578 540 3642 mauis
562 3588 647 3641 quum
689 3575 845 3623 seditionem
870 3580 990 3623 coortam
1017 3571 1125 3621 occisus
1157 3579 1209 3620 cst.

126 3643 281 3710 facundus.
316 3645 361 3693 Sic
389 3645 460 3693 enim
489 3644 648 3706 Quintiliani
688 3643 765 3692 Plebi
778 3651 833 3692 tam
846 3649 951 3706 gratus,
965 3649 999 3693 ¹ut
1012 3642 1039 3690 61
1051 3651 1211 3691 concessum

121 3713 199 3764 locus
214 3721 273 3762 erut
288 3713 471 3777 corrigendus,
495 3714 542 3764 ubi
561 3714 645 3763 dede·
683 3711 783 3764 1616666
793 3712 962 3763 consulatum
974 3711 1004 3761 lu
1018 3718 1148 3772 Praetura
1160 3722 1210 3770 pe-

120 3789 185 3834 rant
198 3781 238 3836 M.
248 3782 356 3833 Acilius
362 3783 529 3834 Palicanus:
546 3782 646 3833 61161·
687 3791 760 3845 6666,
777 3781 832 3831 uisi
843 3782 889 3831 lex
901 3780 1008 3832 annalis
1021 3777 1178 3850 obstitisset.

121 3859 199 3901 tenus
213 3853 241 3901 in
255 3854 356 3901 Ancon.
372 3854 474 3911 6133.
497 3851 645 3903 Palicanus
739 3850 837 3910 licere]
869 3849 977 3900 Nemini
999 3849 1101 3898 licebat
1121 3845 1211 3910 magl-

121 3919 245 3970 trlbunos
258 3923 295 3984 pl.
309 3936 335 3974 a.
350 3921 410 3973 683.
434 3922 470 3970 61.
491 3923 598 3984 261666.
617 3920 646 3972 16
689 3927 803 3971 stratum
821 3920 850 3969 16
862 3918 922 3981 1666
934 3917 1095 3980 magistratu
1108 3923 1211 3978 petere·
1310 3967 1317 3978 ,

120 3991 204 4042 Verr·
215 3990 246 4054 1,
264 3989 306 4042 1⁵.
688 3989 841 4057 Praecipue
854 3990 900 4038 lex
906 3986 995 4038 Villis
1001 3984 1108 4037 annalis
1117 3997 1143 4035 6.
1149 3982 1210 4040 574.

84 4116 92 4127 ⁴
177 4056 240 4109 224.
274 4061 306 4110 1..
322 4057 490 4123 Appuleius]
507 4061 539 4111 1..
554 4061 647 4121 Appu-
690 4057 925 4122 16666666616616,
956 4061 1130 4118 6666611666
1153 4053 1212 4106 uati

66 4144 69 4151 ⁴
119 4125 387 4199 tentatationum,
411 4128 649 4205 bomoppptdaris,
690 4142 822 4196 quemque
835 4125 1021 4192 magistratum
1029 4131 1154 4190 poteraut
1162 4136 1213 4178 66·
1264 4163 1273 4195 ,
