2676 4748
132 313 178 386 es
553 306 787 420 usuros,

135 505 192 572 tt.
221 495 293 568 Sei
309 496 459 568 stniinm
480 496 554 566 eius
574 499 706 586 generis
720 497 893 587 maiorque
907 497 959 566 vis
973 499 1169 584 agnoscitur
1181 501 1220 572 in

136 586 333 659 Pisistrato.
381 587 537 674 Denique
557 589 643 655 hone
662 589 815 678 proximo
835 590 949 654 seculo
968 587 1220 658 Themistocles

136 678 311 746 insecutus
331 681 403 757 est,
429 681 471 741 ιιι
491 674 583 763 apud
603 698 664 743 nos
679 675 917 764 perantiquus3
948 683 988 741 ut
1004 675 1093 764 apud
1107 679 1221 745 Athe-

134 765 282 852 roienses,
297 784 362 829 non
372 764 421 828 ite
435 778 515 829 eane
529 769 639 832 retus.
681 763 748 829 fuit
760 764 847 829 enim
861 770 1020 846 regnante
1035 765 1102 830 iarn
1114 763 1221 832 Gree-

138 853 208 933 oia,
235 859 351 917 nostra
372 856 481 916 autent
497 850 633 915 civitate
649 852 776 917 nonita
792 848 924 955 pridem
940 849 1112 917 dominatu
1125 852 1220 938 regio

133 940 291 1006 liberata.
333 937 421 1005 Nam
436 938 561 1003 bellum
575 935 775 1002 Volscorum
790 937 878 1004 rllutl
889 940 1143 1023 gravissimum,
1164 940 1221 1007 eni

137 1026 339 1098 Coriolanus
357 1027 435 1093 exul
451 1024 624 1103 interfuit,
647 1024 761 1090 eodem
775 1025 846 1091 fere
859 1032 1028 1113 tempore,
1054 1044 1120 1113 quo
1134 1025 1221 1094 Per-

137 1134 253 1185 sarum
277 1113 402 1190 bellurn
422 1113 509 1192 tuit,
536 1112 723 1198 similisque
739 1113 874 1178 fortuna
889 1113 1154 1179 clarissimorum
1169 1117 1220 1183 vi·

136 1220 281 1272 rorumt·
313 1204 369 1268 42.
398 1199 562 1287 siqnidem
585 1208 744 1285 uterque,
772 1221 845 1264 cunr
863 1200 945 1265 civis
959 1200 1114 1287 egregius
1133 1203 1219 1268 iuis·

136 1302 208 1371 set,
234 1290 352 1379 populi
371 1286 496 1374 ingrati
516 1286 636 1373 pulsos
658 1285 797 1369 iniuria,
827 1310 865 1352 se
885 1286 927 1351 ad
946 1289 1060 1354 hostes
1074 1290 1220 1355 contulit

135 1387 357 1462 conatumque
377 1373 568 1443 iracundiae
583 1395 663 1440 suae
714 1383 786 1439 orte
801 1374 943 1442 sedarit.
984 1378 1058 1441 nam
1075 1376 1219 1451 etsiali-

131 1474 191 1533 ter
203 1473 256 1530 est
270 1461 423 1550 upudte,
443 1463 580 1540 Attice,
603 1460 644 1527 de
690 1463 858 1540 miolano,
880 1461 1021 1528 concede
1037 1471 1158 1545 tanton,
1178 1470 1220 1541 tit

136 1555 212 1622 huie
227 1551 340 1637 generi
354 1550 473 1629 mortis
490 1549 604 1639 potius
620 1551 799 1616 assentiar.
840 1549 908 1617 Xl.
936 1551 990 1617 At
1011 1552 1070 1617 ille
1090 1551 1220 1633 ridens,

137 1641 215 1709 'l'oo
231 1660 329 1717 vero,
350 1636 473 1724 inquit,
496 1637 676 1717 arbitratu,
704 1637 1006 1725 quoniamquidem
1023 1661 1219 1706 concessum

135 1736 191 1796 est
203 1725 395 1794 rhetoribus
409 1726 564 1792 ementiri
575 1725 610 1790 in
627 1725 797 1806 historiis,
819 1732 858 1790 ιιι
871 1726 998 1813 aliquid
1013 1725 1123 1793 (licere
1136 1746 1221 1815 pos-

138 1815 209 1883 sint
223 1814 388 1898 argutius.
430 1821 470 1878 ut
481 1814 567 1878 enirn
583 1819 622 1878 tu
634 1834 720 1877 nuno
734 1813 776 1877 tle
792 1811 992 1893 Coriolano,
1020 1816 1070 1880 sio
1091 1814 1219 1885 Cliter-

135 1904 230 1986 ohus‚
249 1903 299 1975 sie
309 1899 496 1968 Stratocles
511 1899 553 1966 tle
561 1899 789 1967 Themistocle
802 1901 911 1969 finxit
951 1903 1007 1969 43.
1029 1923 1104 1968 narn
1118 1924 1218 1995 quem

202 2077 247 2131 ⁴1.
281 2075 341 2139 vis]
365 2075 423 2128 Om.
437 2077 479 2127 eu·
493 2088 535 2140 pr.

202 2160 254 2199 nort
277 2145 317 2201 ite
337 2159 404 2198 eene
426 2149 520 2208 vetus]
548 2145 607 2199 Orn-
622 2145 663 2198 ιιι.
676 2157 718 2211 pr.
731 2145 833 2199 oeteo.-
856 2140 933 2210 quest
943 2144 1138 2212 perantiquus
1151 2160 1217 2213 snp-

197 2233 211 2267 e
244 2232 259 2266 u
276 2250 283 2264 .

167 2219 413 2337 ”loiirisssmomn
424 2281 558 2343 virorum]
581 2281 626 2334 sio
637 2256 731 2338 bemh'.
744 2283 893 2333 ctnrorom
905 2282 1039 2334 oiroram
1051 2284 1094 2333 cd.
1107 2295 1152 2348 pr.
1207 2314 1213 2325 ι

202 2354 248 2405 42.
282 2355 364 2406 aliter
377 2359 420 2402 est
434 2353 505 2416 apuu
518 2355 559 2413 te]
582 2353 671 2404 aliter
683 2354 760 2416 apae
772 2355 802 2404 te
814 2354 859 2403 est
871 2355 913 2402 ed.
926 2367 967 2414 pr.
1219 2406 1225 2413 ,

202 2424 235 2477 ὓ.
248 2426 291 2476 ιι.
324 2420 582 2488 quoniamquidem]
609 2424 722 2490 quarceto
735 2422 851 2490 quidem
865 2424 906 2472 ed.
920 2436 960 2485 pr.
985 2417 1058 2470 Nihil
1070 2419 1166 2473 refert.
1183 2422 1193 2429 “

185 2578 230 2633 t1.
264 2585 294 2629 nt
309 2579 380 2641 apuu
398 2587 448 2628 nos
466 2575 654 2640 perantiquus]
698 2578 732 2630 ah
748 2577 878 2629 Cicerone
896 2589 1028 2640 unusquam
1044 2583 1216 2644 memoretur,

133 2649 222 2711 Supra
239 2647 316 2708 629.
334 2643 364 2698 tt
377 2645 501 2714 nouem,
518 2648 553 2698 ot
562 2661 656 2713 popo·
696 2655 753 2698 tum
770 2648 898 2698 historiae
914 2640 992 2709 quiesi
1004 2654 1099 2696 attttor
1111 2648 1216 2699 exeita·

132 2719 157 2772 li
169 2717 292 2771 Romani
310 2719 469 2781 notescet,
490 2728 591 2774 aeness
620 2709 671 2767 αι’
697 2723 750 2784 tur,
768 2730 845 2778 quem
859 2723 964 2765 constet
977 2716 1046 2764 inter
1055 2717 1215 2765 Demosthe-

95 2820 105 2827 -
131 2785 350 2840 Atheniensium
370 2785 469 2837 secata
497 2797 655 2835 numeran-
696 2785 738 2834 nis
752 2785 925 2836 adversarios
935 2783 1103 2846 eloquentiae
1111 2791 1215 2835 tanturn

131 2859 203 2922 tor,
220 2856 417 2907 adolescentes
429 2852 533 2904 dehent
547 2848 654 2904 oratori.
695 2854 795 2904 tentam
807 2867 919 2916 eamque
931 2854 1091 2902 uredines-cm
1104 2854 1213 2904 hahuis-

131 2922 293 2991 c.13‚4o.
319 2923 363 2974 Ει
381 2922 521 2975 Graeciae
540 2923 653 2989 quidem
695 2935 735 2971 se.
765 2924 941 2981 Quamobrem
955 2922 1214 2972 Emestiusduhita-

130 2994 285 3045 oratorem
309 2993 416 3058 portos
440 2993 528 3058 otone
554 2994 653 3058 fontes
694 2986 755 3056 bat,'
767 2992 911 3041 historicos
923 3005 958 3042 arr
972 3000 1063 3041 orator
1074 2990 1213 3053 signitica—
1238 3029 1240 3033 .

129 3062 212 3116 ciues
223 3060 652 3114 adnostroramannolinrnro·
693 3067 783 3122 retur3
807 3060 851 3110 oni
869 3072 1022 3123 repugnans
1036 3058 1214 3110 nutrientes

130 3132 238 3185 tionem
248 3133 374 3201 veteres,
390 3131 570 3199 ouipsorom
581 3143 660 3184 cane·
693 3127 722 3179 in
732 3127 891 3189 houthem.
904 3145 931 3192 p.
948 3127 991 3180 34.
1008 3130 1129 3180 Atticum
1147 3140 1211 3179 ors-

129 3203 290 3255 reccnteo.'
694 3206 779 3248 torem
801 3199 915 3262 intelligi
944 3197 1033 3248 iussit.
1082 3198 1213 3258 Quaestio

180 3266 224 3319 42.
258 3267 414 3330 Coriolano]
435 3265 505 3330 Quid
516 3266 543 3318 in
556 3265 651 3318 Corio·
693 3266 761 3318 eatis
776 3269 902 3329 ambigue
911 3280 1032 3330 qtraeque
1045 3265 1071 3314 iu
1086 3267 1212 3317 diverses

127 3335 185 3391 tent
199 3339 311 3391 historie
323 3351 419 3390 verum
432 3339 530 3402 quidve
541 3338 650 3389 fehulo-
692 3336 906 3387 coniecturarum
927 3344 1020 3399 partes
1038 3336 1123 3394 possit
1140 3334 1214 3387 otte:

128 3419 190 3458 sum
212 3417 304 3473 esset,
335 3408 499 3459 Niebuhrius
520 3406 550 3457 in
576 3406 648 3458 llist.
692 3405 761 3468 tari3
790 3417 840 3454 nos
859 3413 950 3456 tamon
972 3407 1105 3453 rhetorem
1124 3417 1212 3466 quen-

126 3476 204 3531 oon.
221 3476 420 3538 tt'.11.p.272.
437 3475 602 3528 enucleavit.
691 3476 752 3524 uem
772 3474 889 3523 recentis
914 3472 1058 3523 memoriae
1083 3480 1211 3533 putemne

179 3543 210 3595 (i.
219 3546 263 3594 11.
287 3544 512 3613 [siocliterehun
525 3545 649 3596 sicstra-
690 3543 790 3594 afferri.
816 3546 882 3593 Utnt
893 3550 945 3609 est,
955 3549 1068 3594 mortem
1082 3539 1125 3591 illi
1138 3543 1211 3592 The-

125 3612 227 3672 toolee]
244 3611 414 3680 Clitarchus,
429 3615 649 3666 rernmAlexan-
688 3611 821 3663 nistoriis
840 3620 948 3674 praeter
966 3611 1044 3667 mem
1062 3610 1211 3663 volumnus

125 3683 169 3736 uri
182 3679 299 3744 scriptor
308 3681 416 3745 ingenio
428 3695 508 3745 qttam
519 3683 571 3732 tide
584 3685 650 3734 lan·
689 3684 732 3740 (v.
751 3683 839 3732 schol.
852 3682 991 3744 Aristoph.
1005 3679 1078 3742 Eque
1087 3677 1131 3730 84.
1145 3682 1208 3731 coli.

123 3750 230 3817 «letior,
252 3761 304 3813 quo
322 3752 391 3802 libro
408 3761 499 3813 qomve
513 3753 645 3801 sermonis
687 3751 759 3801 Ptot.
781 3752 908 3800 Themiso.
929 3752 974 3800 3¹.
1012 3749 1128 3800 Flamin.
1149 3750 1209 3810 20.)

122 3819 321 3886 opportunitate
336 3819 523 3872 Themistoclis
542 3821 643 3871 ohittnm
686 3819 836 3870 interiorem
847 3820 875 3869 in
887 3820 992 3870 modum
1007 3827 1142 3881 ornarent,
1155 3818 1208 3869 ali-

122 3890 244 3956 tetigerit
271 3890 444 3954 ignorantum
483 3901 642 3953 quemquern
686 3889 763 3950 isque
776 3885 1099 3954 exemplumpraebuere‚
1118 3887 1208 3939 utco-

121 3972 176 4013 non
195 3958 325 4027 minumum
350 3958 480 4010 hominem
498 3958 641 4022 pigmentis
683 3958 824 4021 molanum,
839 3967 917 4021 quem
929 3959 955 4006 in
968 3958 1082 4007 Volscis
1098 3957 1208 4018 placide

120 4028 265 4080 verborum
287 4028 467 4085 luxuriantem
490 4028 526 4079 ad
550 4030 640 4078 locum
682 4027 836 4076 decessisse
854 4038 946 4076 onmes
960 4027 1147 4089 prodiderant,
1170 4027 1214 4077 eu·
1242 4086 1245 4093 .

116 4096 195 4150 illum
208 4097 346 4161 copiosum
360 4096 522 4148 devertisse.
545 4098 638 4158 Neque
681 4098 793 4147 eandem
823 4107 943 4147 nemnem
969 4094 1204 4157 transfiguraretur.

115 4166 237 4232 opertior
247 4166 391 4221 soumis
405 4176 500 4235 eous&
518 4166 565 4232 qui
577 4177 638 4218 curn
679 4162 805 4224 Ceterum
822 4164 986 4218 intuentibus
1005 4171 1034 4216 et
1053 4163 1204 4231 digressio-
