2676 4748
6 344 118 393 “l

203 396 207 403 ,
276 320 346 393 ilo
701 312 943 389 nunnus,

276 527 353 575 nen
374 502 560 573 lubentius.
610 504 686 574 itu.
712 503 789 573 Hoc
808 507 884 573 loco
903 504 1054 586 Brutus,
1080 503 1296 594 Quandoqui
1337 555 1338 562 ι

276 595 601 672 collustratum,
621 594 750 680 inquit,
770 603 864 659 tunm
877 616 979 684 opere
989 592 1128 675 laudas,
1157 595 1278 660 cellen
1297 597 1332 660 al

275 701 278 708 ·
325 681 360 748 id
379 681 534 748 Antonio
555 688 691 766 practer
709 682 806 746 illum
825 681 869 749 de
891 682 1024 748 ratione
1042 681 1175 747 dicendi
1194 702 1277 747 saue
1289 704 1333 747 a«

311 790 343 835 m
363 768 535 847 libellum,
554 769 655 858 plura
667 768 794 838 Crasso
808 770 968 836 libuisset
979 769 1147 845 scribere:
1180 791 1256 835 cum
1270 770 1338 834 αι’.

274 856 432 925 omniltus
453 856 645 921 memoriam
667 859 738 938 sui,
771 858 965 922 tumeliam
987 856 1200 944 disciplinam
1223 855 1335 923 dicen

274 943 375 1012 nobis
389 943 620 1030 reliquissent.
662 965 738 1009 nam
753 941 934 1010 Scaevolae
947 943 1081 1010 dicendi
1094 944 1293 1029 elegantiam
1304 970 1334 1012 s

275 1032 324 1100 tis
344 1053 385 1098 cx
407 1031 451 1097 iis
471 1030 697 1112 orationibus,
719 1053 805 1117 quas
818 1032 977 1118 reliquit,
1004 1033 1165 1098 habemus
1178 1033 1336 1118 cognita

274 1123 356 1190 itt.
381 1117 429 1185 lit
449 1139 529 1202 ego,
549 1118 637 1185 itini
649 1117 783 1205 quidem
799 1142 818 1184 a
830 1119 978 1206 pueritia
991 1120 1091 1206 quasi
1104 1121 1268 1206 magistra
1280 1120 1333 1186 lui

274 1206 430 1295 inquam,
460 1207 520 1271 illa
541 1207 576 1271 in
593 1208 701 1291 legem
715 1204 893 1295 Caepionis
909 1209 1037 1274 oratio:
1062 1209 1098 1274 in
1112 1229 1179 1295 qno
1191 1213 1228 1273 et
1242 1230 1305 1274 auc
1332 1242 1333 1249 ι

274 1295 363 1363 titas
385 1299 526 1361 ornatur
544 1292 704 1374 senatus,
733 1316 800 1387 quo
821 1315 885 1393 pro
904 1293 1022 1361 ordine
1041 1294 1102 1361 illa
1121 1295 1298 1379 dicuutur,
1332 1327 1338 1354 2

273 1381 403 1451 invidia
417 1381 605 1449 concitatur
619 1381 654 1447 in
667 1380 813 1447 iudicum
825 1389 861 1448 et
873 1383 909 1447 in
924 1390 1156 1449 accusatorum
1169 1383 1314 1450 factione
1325 1416 1338 1440 ιι

272 1477 395 1539 contra
416 1490 558 1556 quorum
576 1471 759 1557 potentiam
779 1470 990 1559 populariter
1001 1480 1074 1537 tum
1089 1468 1266 1537 dicendum
1279 1471 1331 1537 tui

273 1560 384 1635 multa
397 1556 433 1622 in
446 1557 506 1622 illa
522 1557 672 1623 oratioue
686 1557 844 1642 pariter,
865 1559 971 1640 multa
985 1560 1119 1639 leniter,
1141 1561 1247 1624 multa
1259 1581 1314 1625 as
1331 1590 1338 1616 ι

273 1666 332 1730 re,
354 1645 461 1711 inulta
475 1644 582 1710 laceto
595 1643 686 1710 dicta
700 1651 797 1712 sunl:
824 1647 922 1733 plura
936 1648 1037 1720 etiam
1053 1646 1144 1713 dicta
1157 1667 1257 1734 quarn
1272 1668 1309 1713 sc

272 1739 351 1840 pto,
369 1730 461 1820 quod
475 1753 515 1797 ex
528 1730 727 1820 quibusdam
745 1733 913 1822 capitibus
927 1735 1090 1824 expositis
1105 1756 1165 1800 nec
1180 1734 1311 1824 explica

273 1821 422 1905 intelligi
440 1827 566 1910 potest.
609 1817 689 1909 lpsa
708 1821 768 1886 illa
785 1821 937 1887 censoria
956 1830 1075 1888 eontra
1091 1820 1154 1892 cn.
1166 1821 1336 1889 Domitio

272 1908 438 1994 collegam
452 1929 518 1972 non
530 1913 585 1973 esi
595 1909 722 1988 oratio,
744 1906 804 1974 scd
817 1909 916 1996 quasi
932 1910 1044 1999 cupito
1057 1931 1169 1987 rerum
1185 1918 1220 1976 et
1231 1910 1333 1977 orati

273 1996 328 2063 nis
348 1994 622 2079 commentarium
644 1997 744 2083 paulo
762 1996 908 2086 plenius.
948 1999 1045 2075 nulla
1064 2007 1120 2066 est
1138 1999 1227 2069 enim
1251 1998 1322 2067 alte

345 2174 409 2225 163.
442 2170 688 2236 Brutus-inquit]
711 2172 800 2226 liclia
817 2173 975 2231 exciderunt
990 2174 1033 2227 ed.
1045 2189 1088 2240 pr.

342 2250 419 2294 tantu
434 2243 531 2304 opere]
553 2243 706 2305 tantopere
723 2244 765 2293 ed.
783 2257 826 2307 pr.

342 2309 404 2363 164.
438 2319 467 2360 et
490 2311 519 2360 in
541 2315 741 2373 accusatorum]
775 2314 860 2364 Deest
875 2313 908 2371 itt
929 2313 972 2362 od.
987 2325 1029 2376 pr.
1069 2309 1138 2362 cum
1153 2311 1207 2362 duo
1223 2310 1323 2364 noun·

307 2392 411 2447 genera
427 2380 629 2446 significentur,
653 2383 879 2449 praepositionem
894 2381 982 2448 repeti
998 2380 1126 2444 perluit.

342 2450 455 2510 leniter]
477 2449 585 2503 leviter
601 2453 644 2501 ed.
662 2465 704 2515 pr.

342 2518 489 2582 expositis]
519 2520 588 2571 item
609 2522 651 2571 cd.
677 2535 716 2584 pr.
749 2521 853 2588 positis
876 2518 1005 2572 orellius.
1029 2517 1133 2570 -orotio
1149 2530 1203 2569 uon
1219 2525 1277 2572 totu
1296 2535 1332 2585 qo

307 2587 370 2639 dem
386 2589 497 2639 extabat
514 2596 563 2640 tut
586 2589 709 2658 integra,
737 2594 786 2642 sed
810 2591 927 2653 plurium
947 2586 1064 2652 partium
1087 2597 1272 2651 argumentum
1291 2591 1309 2640 b
1332 2623 1338 2633 .

308 2656 382 2707 viter
405 2666 508 2708 tontum
530 2657 697 2710 illustratum
720 2673 864 2722 earumque
887 2658 1032 2719 descriptio
1061 2663 1187 2720 tanquam
1210 2658 1239 2708 in
1263 2660 1338 2710 tebni

306 2723 369 2777 sive
388 2725 476 2777 iudice
491 2727 568 2778 tacte
582 2727 649 2791 (quo
667 2736 773 2790 spectat
788 2729 856 2780 iilud
869 2727 1039 2795 expositis),
1056 2725 1124 2789 ipsis
1134 2722 1244 2797 veritis,
1260 2730 1316 2794 qui·

308 2794 429 2847 clusus
444 2795 566 2862 dixerat,
589 2808 644 2846 non
659 2798 779 2849 redditis.
975 2796 982 2807 '

327 2951 389 3002 163.
428 2950 564 3012 libellum]
590 2950 634 3003 ill.
654 2952 795 3005 Autoteles
837 2960 896 3020 tes,
918 2952 970 3002 hoc
983 2959 1042 3020 est,
1060 2944 1221 3005 'adversarii
1236 2961 1338 3006 senatu

274 3033 366 3072 unum
391 3020 427 3071 de
453 3022 521 3072 orte
542 3019 657 3072 tuendi
674 3023 796 3074 libellum
837 3020 1014 3085 Magistratus
1031 3022 1102 3070 enim
1119 3028 1147 3070 et
1165 3024 1333 3086 publicauit

273 3090 329 3141 elil
358 3089 502 3141 scotticae
527 3092 650 3156 'questus
673 3094 734 3143 cst.-
762 3094 795 3142 de
837 3091 927 3140 vicem
956 3090 1008 3140 siti
1037 3090 1210 3160 invidebant,
1245 3104 1328 3158 quoru

251 3206 254 3213 .
274 3159 354 3211 Orat.
369 3159 398 3227 1,
416 3156 460 3210 47.
474 3157 517 3209 48.
542 3159 619 3210 Orat.
633 3159 658 3211 5.
681 3161 722 3211 Μ.
735 3159 796 3211 An·
837 3160 942 3221 utrique
965 3159 1149 3221 provinciales
1172 3162 1287 3212 licenter
1306 3175 1338 3211 e«

275 3227 374 3282 tonius
402 3227 551 3279 incltocvll
572 3229 699 3295 aliquid:
728 3243 796 3280 num
838 3229 1088 3292 haurirecupercnt
1104 3228 1275 3293 etspoliaru
1328 3270 1331 3273 .

274 3296 440 3348 leoncium
458 3310 530 3361 opus
551 3298 632 3365 eius,
660 3301 747 3365 atque
765 3300 797 3350 ld
838 3298 988 3349 curatores
1009 3305 1099 3348 autem
1117 3299 1286 3362 intelligebat
1306 3301 1334 3348 lr·

274 3365 581 3432 ipsumlmperroclcttu
593 3371 700 3419 munet.
721 3369 797 3419 Addo
838 3368 925 3418 mines
945 3368 1106 3431 populares,
1130 3369 1176 3430 qui
1188 3369 1292 3431 plebem
1306 3381 1338 3417 on

274 3433 367 3497 point.
381 3434 441 3502 ill,
460 3438 491 3499 1,
510 3438 555 3486 19.
578 3438 644 3487 iiius
663 3436 725 3487 libri
737 3438 797 3489 lra-
840 3441 947 3500 ptentes
963 3447 1016 3484 uon
1029 3437 1116 3485 solum
1126 3439 1154 3488 in
1166 3438 1253 3488 malos
1268 3446 1330 3498 patr

275 3510 413 3567 guantum
433 3510 509 3555 extet
529 3506 602 3567 apud
620 3507 796 3574 tunoleum,
840 3505 914 3569 cios,
939 3516 1034 3554 venum
1054 3505 1083 3555 in
1101 3506 1214 3570 optimos
1231 3505 1314 3556 etiam
1335 3529 1338 3548 a

275 3574 310 3639 o,
327 3568 373 3625 46.
390 3573 424 3623 de
437 3582 490 3637 quo
502 3572 751 3635 ctwesternann,
770 3591 798 3651 p.
839 3573 1090 3637 innocentissimos,
1116 3584 1147 3626 uc
1167 3575 1196 3625 iu
1215 3576 1331 3628 Rutilio

276 3641 340 3695 111.
841 3642 1029 3696 accusationes
1051 3645 1217 3697 lectitarent.
1261 3645 1332 3710 itaqu

327 3707 493 3767 Socerum]
516 3708 587 3760 Vide
601 3721 625 3760 c.
641 3711 685 3761 39.
840 3712 958 3779 crasso,
989 3714 1050 3763 cum
1074 3720 1168 3765 contra
1191 3716 1240 3764 hos
1263 3715 1335 3764 dice

328 3773 389 3830 tat.
423 3777 547 3839 inquam]
575 3778 652 3831 llaec
670 3779 798 3833 notabilis
840 3784 1014 3848 domasset,
1044 3787 1190 3846 prudenter
1207 3784 1330 3835 cavendo

274 3842 579 3901 tetrarticoiioeatio.
839 3852 909 3918 luit,
933 3865 968 3903 uc
988 3852 1095 3916 plebem
1111 3854 1248 3904 laederet:
1277 3865 1323 3914 qu

329 3915 358 3968 iu
369 3917 458 3979 legen
477 3914 636 3980 Caepionis]
658 3916 730 3968 Vide
748 3930 800 3969 an-
840 3921 938 3984 quitus
951 3921 1094 3982 lenociniis
1114 3920 1248 3973 studuerit
1263 3921 1332 3986 solie

275 3992 334 4037 not.
351 3984 380 4035 in
398 3997 424 4035 c.
437 3981 491 4051 43,
508 3987 570 4039 160.
592 3987 677 4039 catat
691 3986 723 4038 in
735 4000 800 4041 eom
840 3996 917 4059 tare,
940 3989 1047 4042 nullius
1061 3991 1180 4056 ostendit
1198 3993 1232 4044 de
1245 3990 1320 4059 (ipat.

273 4052 369 4123 um
382 4054 492 4108 oratio.
518 4055 581 4109 llue
593 4056 715 4120 respexit
726 4056 800 4110 inire
841 4057 886 4112 ta.

273 4125 369 4189 milo,
385 4126 445 4175 tto.
892 4127 971 4190 plura
989 4126 1070 4180 etiam
1089 4125 1163 4181 dicta
1185 4140 1266 4195 quotu
1290 4141 1336 4182 scr

329 4191 357 4245 iu
371 4191 502 4256 iuoieun]
523 4193 631 4249 iudces
638 4202 716 4250 erant
722 4192 799 4262 cqui-
842 4195 913 4250 vide
925 4206 1014 4252 annot.
1027 4198 1055 4250 in
1068 4210 1093 4249 c.
1106 4194 1150 4250 24.
