2676 4748
116 320 163 391 ac
287 414 290 421 Ι
391 298 394 310 ’
500 309 782 407 ,cuorus

118 502 476 596 usgum'donrinuiiono
487 501 652 576 cannete
665 505 760 575 nasci
771 497 942 595 cupiditas
957 498 1091 572 dicendi
1105 505 1209 599 colei.

119 597 216 687 pacis
235 602 289 662 eet
308 615 420 661 comes
433 593 562 682 otiique
575 597 668 663 socia
681 605 717 662 et
729 597 796 661 ium
809 597 894 661 bene
906 595 1112 660 constitutae
1126 595 1209 664 cici·

119 684 203 751 tutis
224 681 324 770 quasi
345 685 480 748 alumna
498 682 663 770 quaedam
678 683 882 771 eloquentia.
923 683 980 749 46.
1023 680 1145 769 Itaque
1158 682 1209 749 ait

119 771 352 851 Aristoteles,
378 784 454 835 cuni
468 771 616 838 sublatis
629 772 665 837 iu
682 771 800 838 Sicilia
815 769 969 859 tyrannis
983 771 1208 858 reeprivutae

118 857 221 945 longo
233 857 413 926 intervallo
427 855 564 923 iudiciis
578 865 831 947 repeterentur,
851 856 1095 946 imprimam,
1116 857 1209 945 quod

118 956 214 1014 essct
227 952 326 1012 acuta
338 944 400 1012 illa
413 964 496 1032 gens
511 954 548 1010 et
561 953 778 1013 controversa
791 950 926 1025 nature,
946 952 1055 1011 artem
1064 949 1214 1034 etpraeg'

188 1116 234 1171 46.
260 1115 410 1182 privatae]
431 1118 550 1184 priuato
569 1121 613 1170 ed.
628 1134 669 1182 pr.

119 1186 124 1257 j
187 1195 366 1238 controversa
383 1190 494 1247 nature]
518 1187 581 1254 cic,
597 1193 627 1236 ut
640 1186 795 1237 acturosit
807 1185 956 1253 ablativus,
975 1187 1018 1237 ed.
1031 1199 1072 1250 pr.
1086 1187 1208 1238 contro*

129 1284 132 1290 ,
152 1258 253 1308 cursio
268 1258 329 1315 [cel
342 1254 526 1306 controversi
537 1261 570 1314 o)
586 1257 648 1305 nal.
665 1255 716 1305 0x.
731 1263 758 1305 et
771 1255 830 1305 edd.
840 1262 907 1304 vett.
929 1256 1141 1308 controversiis
1153 1271 1209 1306 nov

133 1322 203 1393 ¹to,
220 1326 372 1389 elegantem
384 1324 501 1375 lacobsii
514 1325 711 1386 coniecturam,
729 1323 812 1373 edidit
823 1325 980 1376 Scndtziue.
1013 1327 1067 1375 sed
1084 1325 1208 1375 codicum

125 1393 129 1403 “
154 1396 300 1446 lectionem
316 1400 391 1442 recte
409 1406 440 1443 se
461 1395 561 1442 habere
579 1395 718 1443 nobiscum
731 1393 812 1442 sentit
824 1394 977 1444 Freuudius
988 1391 1017 1442 iu
1031 1394 1133 1445 Lexico
1146 1405 1206 1444 suo.

154 1465 290 1525 [Nondum
301 1461 410 1523 repperi
423 1461 592 1527 scriptorem,
608 1462 654 1525 qui
665 1463 882 1521 Siculosnatura
892 1462 1026 1526 litigiosos
1038 1463 1126 1513 tuisse
1139 1474 1208 1525 cou-

155 1535 287 1583 tenderet.
321 1532 375 1580 Sed
389 1542 503 1582 acumen
516 1539 545 1580 et
556 1532 728 1582 dicacitatem
742 1544 803 1581 cum
818 1539 906 1581 testes
920 1532 1036 1583 omnium
1055 1533 1209 1583 seculorum

154 1600 190 1651 iis
202 1601 336 1666 tribuent,
359 1607 416 1649 tum
432 1599 588 1663 Epicharmi
602 1607 629 1649 et
642 1599 788 1661 Sophronis
803 1612 942 1651 sermones
954 1600 1087 1662 ingeniosi
1100 1600 1208 1664 planis·-

100 1690 102 1694 *
154 1670 225 1722 aime
242 1668 410 1721 confirmant.
443 1667 519 1720 Salis
540 1675 583 1719 eet
598 1669 723 1721 adhibere
737 1667 891 1722 cicrverr.
904 1668 956 1739 w,
970 1666 1015 1721 43.
1049 1667 1209 1737 Nunquam

172 1824 203 1878 C.
212 1827 254 1877 12.
260 1819 305 1875 46.
331 1821 370 1876 ait
381 1822 560 1886 Aristoteles]
577 1823 645 1875 Ari-
684 1825 812 1890 petebant
825 1823 1059 1889 vindicabautque.
1090 1826 1137 1887 [ld
1148 1826 1208 1877 icr-

122 1896 229 1948 stotelis
240 1886 311 1944 liber
329 1889 464 1958 τεχνῶν
481 1908 645 1962 occepe-
686 1901 763 1946 tasse
777 1892 932 1961 crederem,
956 1895 981 1945 si
1000 1894 1110 1945 disertis
1128 1897 1209 1947 vocl-

120 1961 162 2035 yp'
177 1962 324 2023 inscriptus
334 1969 403 2013 erat.
437 1963 592 2013 Delnvent.
607 1964 647 2030 ll,
683 1965 737 2014 bure
756 1965 841 2025 [qllod
860 1964 926 2013 iecit
945 1958 973 2013 in
986 1976 1017 2013 re
1031 1963 1157 2014 dissimili
1174 1967 1209 2016 de

121 2038 149 2085 2.
166 2035 207 2085 Ac
220 2034 337 2083 veteres
353 2030 467 2096 quidem
484 2032 646 2097 scriptores
686 2032 739 2083 011.
762 2032 807 2099 11,
831 2034 891 2091 23.)
917 2030 1013 2082 cicero
1035 2033 1209 2085 tradidissctz

120 2104 199 2155 artis
212 2113 303 2166 amque
316 2114 335 2150 o
345 2099 479 2165 principe
491 2102 540 2151 illo
557 2104 646 2166 utpote
685 2112 846 2173 quamquam
859 2102 968 2151 trudere
980 2101 1025 2164 qni
1038 2102 1140 2170 potuit,
1161 2116 1209 2154 res

119 2173 277 2224 incertiore
297 2171 375 2237 Tisia
392 2171 534 2233 repetitos
555 2183 645 2220 anum
685 2171 810 2233 privatas
821 2169 975 2232 acyrannis
987 2168 1148 2233 praetorias
1160 2185 1210 2224 cc-

121 2244 155 2294 ire
181 2242 275 2291 locam
299 2239 442 2290 conducit
461 2240 645 2306 Aristoteles,
686 2247 815 2304 culpetne,
838 2241 871 2288 de
886 2239 982 2303 quibus
994 2240 1123 2290 dubitatio
1137 2243 1210 2294 torel

122 2302 154 2365 et
164 2309 333 2362 nominatim
343 2308 481 2375 citiusque
487 2311 645 2374 praecepto
686 2310 763 2360 nulla
771 2292 821 2358 iel
831 2308 942 2371 exigua,
954 2309 1037 2374 lcapo
1050 2308 1209 2364 intervallo

120 2388 227 2449 magno
240 2378 402 2445 conquisito
414 2381 646 2444 corcpcrspicoe
687 2380 751 2437 (hoc
759 2384 811 2445 est,
825 2377 957 2428 diuturnis
969 2379 1073 2443 litibus,
1085 2386 1210 2443 nonposc

121 2444 297 2514 corucripsit
321 2450 409 2513 atque
428 2450 553 2500 enodata
576 2448 644 2499 1111-
685 2449 829 2499 multorum
848 2459 978 2501 annorum
994 2449 1211 2512 possessiouem)

122 2523 228 2590 pentec
246 2518 396 2584 esposuit,
419 2531 455 2568 ac
467 2518 582 2570 tantam
596 2519 644 2567 in·
686 2519 722 2569 ad
741 2518 862 2567 dominos
884 2529 950 2567 suus
969 2511 1096 2569 redisse?
1136 2517 1225 2571 Illud·

122 2588 289 2644 certioribus
304 2587 375 2650 ipsis
386 2587 645 2639 soooitoteetbre-
686 2593 777 2639 etitem
784 2587 958 2653 probabilius,
972 2586 1116 2638 civescum
1123 2588 1209 2639 domi-

123 2661 216 2712 vitute
231 2657 343 2709 dicendi
353 2657 523 2723 praestitit,
546 2660 580 2708 ut
593 2671 646 2725 ne·
687 2663 754 2708 natu
766 2657 842 2718 regio
857 2663 1029 2720 tenerentur,
1045 2657 1079 2707 alr
1095 2657 1208 2724 arbitrio

122 2741 169 2783 mo
181 2727 462 2790 tuoromproecepto
470 2727 646 2791 exipsorum
688 2728 867 2786 tyrannorum
898 2726 949 2782 (ci.
965 2726 1050 2774 isocr.
1069 2727 1103 2776 de
1115 2727 1208 2778 Antid.

123 2797 206 2852 libris
220 2796 389 2860 copposcat,
411 2795 464 2845 sed
477 2809 574 2845 omnes
587 2795 647 2861 qui,
686 2791 744 2852 40.)
759 2794 932 2855 pependisse;
947 2799 1009 2856 post
1021 2804 1208 2856 recuperatam

124 2866 201 2935 quod
214 2865 259 2914 iili
268 2861 467 2930 praecipiunt,
489 2864 582 2914 velint
599 2864 648 2913 in·
686 2869 778 2912 tamen
788 2862 941 2912 libertatem
955 2868 1015 2912 cum
1025 2864 1125 2916 iudicia
1135 2865 1209 2930 legi*

123 2936 267 3002 tempere,
283 2934 321 2983 od
334 2928 647 2999 horaequcsiodquen*
687 2933 754 2982 tima
772 2932 927 2992 coepissent
940 2944 1069 2982 exercere
1088 2932 1208 2997 iurisque

122 3002 194 3060 dom
211 3004 299 3053 oculto
315 3002 534 3055 commodiorem
550 3002 645 3067 eupli·
686 3001 779 3051 civilis
797 2998 944 3063 primordia
959 2997 1120 3071 conderent,
1141 3001 1209 3053 lites

99 3070 103 3075 ’
125 3075 256 3128 cotorem
268 3074 471 3124 revertantur.
506 3072 645 3136 cideor.
688 3084 754 3122 suas
770 3069 799 3118 iu
816 3075 892 3121 tanta
905 3070 1023 3119 sorensis
1035 3071 1104 3121 artis
1116 3072 1208 3124 infeu-

126 3147 172 3210 ll,
193 3145 238 3195 38.
275 3141 326 3201 Qui
348 3141 456 3190 titulum
478 3141 647 3192 Aristotelici
687 3140 727 3191 tia
753 3150 807 3189 non
835 3149 898 3189 alite
923 3141 1098 3207 profligasse,
1126 3153 1208 3205 quam

84 3272 87 3276 b
125 3212 191 3266 libri
209 3219 252 3260 est
265 3210 386 3260 imitatus
399 3211 560 3274 Spengelius
575 3213 646 3260 Ant.
687 3208 845 3274 praeceptis
858 3216 885 3257 et
894 3209 1017 3258 formulis
1025 3209 1151 3261 oratoriis
1161 3222 1210 3261 es·

123 3281 240 3342 Scriptt.
263 3293 288 3341 p.
301 3277 344 3329 24.
357 3292 417 3343 sqq.
441 3280 559 3344 origines
579 3280 647 3330 artis
689 3286 749 3328 scut
761 3277 910 3335 instructi]
1244 3320 1248 3333 ,

126 3353 162 3405 ab
169 3350 271 3401 Corace
284 3355 312 3397 et
323 3349 397 3400 Tisia
408 3351 504 3402 ductas
515 3349 647 3412 exposuit.
740 3355 826 3398 artem
839 3355 867 3396 ct
879 3349 1038 3408 praecepta]
1062 3347 1140 3396 Artis
1157 3359 1210 3400 uo·

179 3417 307 3478 [sriblatie
336 3417 365 3467 in
386 3419 480 3470 Sicilia
508 3419 648 3483 tyrannis]
689 3416 761 3466 mine
779 3418 850 3479 apud
863 3419 985 3466 rhetores
999 3416 1040 3465 illi
1052 3416 1112 3465 libri
1124 3417 1210 3468 intel-

126 3488 298 3549 uiresyhulo
309 3487 477 3547 potissimum
490 3488 647 3551 ctTlrraey-
688 3485 824 3553 ligentur,
849 3486 877 3535 in
897 3486 992 3547 quibus
1006 3492 1151 3548 praecepte
1166 3488 1210 3537 dl·

120 3559 206 3625 daeo,
218 3566 330 3618 quorum
342 3557 385 3605 hic
399 3558 584 3624 Agrigentum,
599 3559 647 3608 ille
689 3557 767 3605 caudi
780 3558 928 3607 traduntur.
953 3555 1017 3605 laur
1024 3554 1114 3606 Corax
1127 3563 1156 3606 et
1162 3557 1211 3607 ’11-

119 3628 285 3690 ssyracueaa
303 3632 420 3675 rexerat.
458 3629 647 3689 Tyrauncrum
689 3626 746 3676 sias
759 3625 838 3688 primi
851 3627 933 3676 ortes
946 3624 1123 3691 scripserunt,
1138 3624 1210 3678 Pro-⁸

128 3698 158 3747 lu
170 3694 269 3747 Siculis
287 3692 402 3743 iudicem
415 3695 536 3745 breviter
549 3711 646 3746 recen·
689 3702 800 3757 tagoras
813 3703 901 3745 autem
920 3701 947 3743 et
960 3693 1076 3756 Gorgias
1088 3705 1142 3744 nou
1154 3707 1211 3745 or·

127 3766 183 3816 suit
200 3761 646 3816 Waclrmotallell.nltertn.1.
688 3768 732 3815 tce
742 3765 864 3832 quidem,
883 3778 976 3814 verum
988 3765 1065 3813 locos
1082 3776 1210 3814 commn-

120 3831 272 3896 ¹1.p.278.
297 3831 422 3882 Ceterum
440 3833 509 3884 istas
526 3836 645 3897 origines
687 3845 739 3886 nes
750 3842 876 3896 tauquam
886 3826 1120 3895 exempladic‘endi
1134 3847 1209 3885 com-

126 3903 229 3954 iebulis
254 3902 388 3963 respersit
411 3903 480 3952 satis
498 3903 648 3966 nugacibus
689 3917 815 3966 posuere.
862 3903 902 3952 De
926 3905 1023 3965 quilius
1052 3903 1210 3967 singulatim

128 3973 217 4023 schol.
230 3972 355 4034 llermog.
372 3972 401 4019 Τ.
416 3970 468 4022 lv.
482 3986 508 4035 p.
521 3975 563 4021 11.
577 3975 631 4035 erp]
688 3974 848 4036 Spengelill!
855 3973 1013 4035 disputavit.
1028 3973 1210 4031 [AddeWel·

107 4099 110 4104 ¹
179 4054 225 4090 res
239 4040 376 4102 privatae]
400 4041 648 4104 Quaeatyrannie
689 4043 801 4092 cinerum
819 4043 848 4092 in
861 4043 949 4090 Musei
962 4044 1048 4091 Rhen.
1064 4043 1127 4091 Vol.
1141 4040 1163 4092 1.
1180 4056 1209 4105 p.
1232 4064 1236 4071 ·

127 4116 275 4171 occupatae
288 4110 404 4160 fuerant.
437 4109 488 4160 llis
501 4111 584 4174 igitur
597 4123 646 4159 ex·
689 4108 749 4162 564.
773 4112 818 4175 qul
838 4111 1006 4174 potissimum
1026 4111 1137 4173 Quintil.
1156 4109 1210 4180 111,

125 4179 213 4240 pulsis
231 4192 277 4231 ree
289 4192 355 4231 suas
370 4178 585 4233 dominliudiciis
598 4192 647 4233 re·
689 4183 721 4250 1,
740 4181 783 4232 12.
803 4180 946 4242 adtribuit]
