2676 4748
484 348 846 429 susurrum.
1143 371 1210 422 xcx

118 541 225 615 llaud
242 541 399 634 equidem
415 542 536 634 ignoro
549 542 751 614 facilitatem
765 538 999 634 quorundam,
1023 539 1087 632 qul
1101 540 1213 611 nnbat

119 669 184 717 nos
202 646 239 714 in'
256 650 420 739 exemplis
440 651 632 719 scholarum
651 669 755 716 causa
767 648 945 717 lubricatis
957 667 1034 715 esse
1047 646 1212 715 morosio-

119 758 198 833 res3
233 753 336 841 quasi
355 751 475 821 critica
494 756 551 821 lex
572 752 819 844 pronominum
834 751 961 822 studiis
978 749 1212 818 etneceesita-

119 855 217 923 tibus
236 856 377 943 infringi
395 863 515 946 posset
532 858 589 926 vel
610 856 762 938 exorari3
788 855 851 925 sed
866 854 1094 926 vehementius
1106 853 1213 921 libuit
1230 912 1233 917 .

120 957 189 1027 viri
209 954 253 1026 de
272 959 400 1052 litteris
418 959 554 1029 Latinis
575 960 787 1028 meritissimi
799 980 913 1028 rocem
928 955 1110 1024 admirari:
1131 953 1212 1042 qaid

123 1067 209 1126 scios
225 1071 346 1131 attinet
360 1087 462 1152 somn
483 1089 528 1132 nc
540 1066 638 1150 alofrc
650 1065 801 1153 tegantur
814 1062 1039 1143 materterae,
1059 1063 1153 1127 modo
1169 1081 1212 1124 nc

123 1169 198 1249 qen
216 1166 258 1230 de
273 1173 400 1251 origine
419 1171 569 1235 colmar?
607 1167 751 1237 Attinet
765 1185 863 1235 vara:
885 1186 962 1232 narn
976 1183 1018 1231 ex
1030 1161 1212 1230 intemera-

123 1264 171 1333 tis
185 1266 340 1354 vestigiis
354 1277 532 1338 canuntur
547 1269 651 1339 citius
667 1289 784 1338 verum
796 1264 1030 1356 indagaveris,
1055 1286 1155 1356 quam
1170 1286 1211 1333 ex

122 1368 300 1438 lenociniis
319 1378 356 1440 et
375 1372 491 1443 fucato
511 1375 740 1466 suspicionum
760 1371 891 1454 nitore,
915 1371 976 1470 qni
988 1371 1092 1439 simul
1106 1370 1212 1439 aciem

123 1471 327 1596 perstrinxit
345 1481 382 1543 et
405 1479 519 1567 aliquo
539 1476 666 1547 indicio
681 1477 810 1544 animos
833 1473 1005 1558 oneravit,
1031 1497 1098 1545 non
1121 1476 1213 1572 pati·

124 1578 185 1640 tur
204 1577 356 1646 numeres
375 1579 420 1649 ad
442 1583 520 1675 ipsa
539 1581 665 1650 cubilia
685 1578 880 1648 mendorum
904 1598 1027 1647 sensus
1047 1577 1212 1666 aspirare.

123 1663 237 1746 Porro
256 1689 391 1750 cantum
413 1691 470 1753 ast
489 1691 530 1752 ut
547 1684 787 1770 orthographia
807 1682 1000 1771 praeceptis
1018 1681 1213 1766 grammati·
1292 1773 1297 1779 ,

124 1800 242 1848 corum
260 1784 316 1852 uel
336 1784 417 1855 fidei
436 1790 724 1854 monumentorum
742 1781 855 1851 minus
871 1788 975 1876 esset
978 1780 1212 1866 dissentanea·

123 1904 167 1952 ne
181 1888 261 1977 quis
273 1889 362 1958 enim
378 1888 531 1986 singulas
547 1886 763 1978 quaestiones
779 1883 871 1953 ad
839 1906 986 1973 rigorem
1002 1870 1213 1977 aequabilem

125 1995 162 2056 at
181 1992 376 2084 exceptione
395 1978 558 2066 malorem
577 1990 727 2084 dirigat,
745 1990 823 2080 ipsa
842 1990 1037 2060 criticorum
1056 1991 1213 2061 vetatio-

126 2094 241 2178 curia,
267 2095 329 2186 qui
348 2095 434 2164 satis
454 2103 588 2163 tenuem
609 2077 783 2163 metmium
802 2095 914 2163 solent
935 2101 1090 2178 enotare,
1127 2093 1214 2185 quid
1318 2165 1322 2172 ,

123 2195 218 2285 quod
237 2220 279 2266 ne
298 2196 480 2267 verisimile
499 2196 634 2289 quidem
653 2197 789 2267 videtur
802 2199 990 2291 scriptores
1001 2198 1105 2267 uariis
1118 2200 1214 2266 litte-

123 2320 241 2380 rarum
258 2301 438 2388 generibus
459 2302 663 2393 distractos,
694 2325 781 2392 quos
801 2302 955 2372 modesta
975 2300 1141 2391 quaedam
1161 2298 1213 2370 in-

127 2404 320 2473 constantia
344 2404 463 2489 deret,
494 2406 531 2475 in
557 2410 735 2494 angustum
760 2403 876 2473 orbem
897 2407 1091 2493 regularum
1111 2427 1216 2496 prae-

85 2521 88 2527 ·
126 2500 240 2574 iracte
253 2507 326 2595 cogi
337 2510 502 2598 potuisse.
544 2509 615 2581 Sed
626 2511 731 2579 nullis
742 2507 888 2578 testibus
903 2529 989 2601 opus
1002 2509 1071 2577 luit
1084 2510 1120 2578 in
1134 2533 1214 2577 oon-

128 2610 315 2679 etitnendis
335 2614 512 2682 verborum
534 2610 880 2706 interpunctionibus3
914 2634 1001 2700 quae
1028 2635 1104 2680 cnm
1129 2614 1212 2681 olim

125 2715 366 2785 minutissimis
386 2712 531 2787 vinculis
550 2724 586 2786 at
603 2719 752 2788 ambitus
772 2736 987 2809 numerorum
1007 2717 1214 2786 suffocarent

126 2824 164 2886 et
183 2821 369 2888 sententias
389 2821 682 2911 membrorumque
699 2819 962 2891 convenientiam
975 2819 1126 2888 tenebris
1137 2827 1214 2887 tan-

126 2943 228 3010 quam
250 2922 405 2990 consulto
425 2922 618 3006 obruerint,
647 2922 784 2990 iamiam
802 2921 984 3014 diligenter
1001 2920 1214 2990 efficiendum

127 3032 182 3092 est
203 3024 477 3118 ut‘ontiquitaiis
499 3028 610 3104 oratio
629 3027 772 3099 liberior
789 3031 826 3100 et
842 3026 913 3099 suis
927 3025 1215 3116 interspirationi-

127 3128 192 3196 bus
211 3126 375 3197 distiucta
392 3132 613 3224 percipiatur.
665 3127 906 3200 llis'maentus
929 3150 1031 3218 quam
1058 3120 1214 3216 largissi-

129 3253 219 3299 mum
249 3234 511 3302 instrumentum
537 3236 676 3304 erltiuae
702 3233 910 3304 factitandae
932 3230 1138 3321 conquisivi,
1170 3232 1214 3301 ll*

128 3335 266 3420 brorum
297 3337 479 3430 sumpturis
506 3347 543 3407 et
567 3340 757 3408 rationibus
778 3337 1030 3406 emendatorum
1050 3335 1215 3418 excussis,

128 3437 195 3540 quo
214 3441 351 3531 plenior
370 3441 516 3510 historia
536 3433 692 3513 Tulliani
713 3447 893 3512 contextus
913 3442 1123 3524 efficeretur,
1158 3461 1215 3507 ra-
1237 3519 1241 3529 ι

130 3550 224 3615 stant
250 3552 382 3626 tamen,
415 3567 502 3642 quaa
531 3547 655 3616 iterata
688 3557 839 3616 veterum
867 3545 1096 3635 exemplorum
1125 3566 1214 3627 aum7

129 3649 307 3741 paratione
333 3648 480 3717 debeant
504 3653 619 3719 verius
647 3651 782 3720 namuri
807 3650 863 3718 rel
887 3650 1017 3734 augeri.
1059 3647 1213 3716 Tandem

129 3756 164 3822 in
179 3752 453 3823 annnmtionibus
473 3752 692 3824 subiiciendis
712 3754 763 3822 ita
784 3777 861 3822 enm
881 3758 1055 3834 versatus,
1075 3759 1116 3818 ut
1129 3752 1215 3817 alias

130 3857 173 3925 ad
192 3859 466 3949 supplementum
490 3857 651 3935 editionis
672 3859 852 3947 referrem,
885 3878 927 3924 ne
948 3878 1015 3944 qua
1037 3860 1135 3945 parte
1157 3852 1216 3920 da-

129 3961 247 4029 iiaeret
266 3961 519 4052 interpretatio,
546 3963 626 4032 aliis
641 3967 752 4031 antem
767 3961 1008 4031 difficultatum
1023 3959 1124 4048 paulo
1139 3978 1215 4044 gra-

130 4065 261 4133 viorum
288 4065 509 4140 admonerem
529 4069 585 4137 vel
604 4088 726 4137 causas
746 4084 987 4154 persequerer,
1019 4083 1081 4128 cur
1100 4059 1143 4126 ab
1167 4061 1216 4128 vi-

128 4168 179 4236 ris
201 4167 348 4239 eruditis
369 4172 453 4239 mibi
473 4168 714 4239 discedendum
734 4169 925 4240 videretur:
952 4187 1062 4255 neque
1080 4165 1144 4234 boc
1164 4165 1216 4233 in·

113 4274 456 4359 ,etitntnmlactoras
481 4275 597 4368 inique
616 4277 745 4359 ierant,
776 4275 933 4364 quicum
954 4271 1058 4342 toties
1078 4268 1215 4338 crebros
