2676 4748
491 388 529 430 .
618 331 783 428 6621·
1105 288 1108 419 ]
1193 339 1237 412 sr

148 524 341 593 orationest
363 520 506 612 simplex
522 520 657 610 quidem
672 520 716 592 Ι..
729 527 766 590 et
778 521 956 610 antiquus,
976 521 1038 628 Sp.
1051 529 1162 598 autem
1181 527 1233 595 ni·
1264 513 1270 523 ’

148 614 219 680 lrilo
246 615 306 680 illo
330 608 465 698 quidam
489 612 657 692 ornatior,
689 609 751 676 sed
772 616 884 677 tamen
904 608 1122 705 adstrictior.
1166 615 1233 684 luit

147 702 239 769 annu
258 698 379 766 doctus
398 717 439 764 ex
459 696 639 789 disciplina
659 693 862 767 Stoicorum.
917 697 1047 765 Multae
1069 707 1150 768 sunt
1169 702 1231 792 Sp.

148 788 273 857 Albini
290 786 472 854 orationes.
517 784 607 852 Sunt
627 784 727 851 etiam
748 783 791 854 L.
805 780 894 853 otc.
908 784 1129 853 Aureliorum
1144 789 1233 858 Oro·

148 882 299 958 starum,
329 894 417 964 quos
443 870 559 961 aliquo
583 871 682 941 video
703 872 739 939 iu
761 891 901 941 numero
921 879 1094 942 oratorum
1114 877 1232 952 foisse.
1324 940 1326 945 ,

206 1094 321 1160 suanm
340 1091 499 1155 Mummius]
525 1093 569 1146 Ad
587 1091 671 1147 Attio.
713 1100 803 1149 earet
813 1092 914 1162 amali
924 1093 1092 1166 requirant,
1106 1097 1233 1156 riculeu-

148 1162 230 1229 Xlll‚
243 1164 270 1216 6.
293 1163 672 1230 snutcmmtamaatorom
713 1165 892 1219 demicortem
920 1168 1041 1220 liberior
1068 1171 1100 1221 et
1128 1173 1231 1239 latior,

148 1236 182 1286 ia
195 1234 293 1286 decem
304 1234 406 1302 leuatis
418 1235 512 1300 talem
523 1235 672 1298 (quicapta
713 1248 800 1301 qaam
819 1236 938 1299 nataae·
961 1239 1136 1291 consuetudo
1153 1240 1232 1293 iudi·

150 1304 280 1355 corintio
299 1305 333 1354 de
349 1304 491 1366 pmvincia
503 1304 672 1354 constituen-
713 1305 825 1355 clarum
837 1307 868 1357 et
882 1304 954 1372 terit
974 1308 1039 1367 [list
1051 1320 1152 1370 parents
1165 1323 1231 1362 rer-

150 1374 187 1424 da
204 1373 240 1424 ad
261 1372 293 1422 Ι..
313 1372 468 1423 Mummium
489 1371 671 1438 missisunt),
712 1374 821 1441 borum,
845 1375 929 1438 etqui
940 1375 1131 1428 necessitatem
1143 1380 1232 1444 magis

150 1441 203 1493 sed
232 1438 384 1493 uidelicet.-
423 1440 529 1492 etenim
560 1431 672 1508 εὔλογον
711 1455 792 1506 quum
812 1445 979 1495 suavitatem
999 1452 1135 1496 sectetur:
1161 1442 1232 1512 quod

151 1510 250 1580 fratri
269 1511 373 1581 faisse.
409 1508 673 1576 flauenlmadb'c·
712 1521 764 1561 uos
787 1508 848 1563 lere
874 1508 987 1578 1616616.
1030 1513 1072 1565 ci.
1092 1515 1182 1569 Burm.
1203 1517 1231 1574 lu

148 1578 292 1631 niallam.
318 1579 442 1643 inxlu,
460 1579 674 1631 6116661666
713 1581 794 1643 l’rop.
811 1581 857 1647 11,
880 1581 929 1650 18,
952 1578 996 1634 74.
1025 1584 1104 1634 Haud
1117 1588 1231 1641 multum

150 1650 245 1717 fauce
266 1647 493 1701 adventatium
510 1661 568 1714 pro
588 1650 672 1701 certa
712 1649 812 1716 distat,
841 1651 911 1715 quod
928 1651 1078 1714 perplacuit
1095 1653 1230 1726 ciceroni,

151 1719 248 1770 babeo.
280 1731 367 1783 caepe
384 1718 460 1769 enim
476 1718 524 1770 bic
537 1717 686 1784 Spartace,
709 1730 848 1784 prasus,
882 1727 974 1782 aptum
1003 1721 1069 1772 illud
1104 1725 1228 1793 orationi,

149 1788 201 1856 qai
222 1799 317 1851 nuper
331 1790 465 1838 mortuas
480 1791 541 1854 est,
565 1787 673 1851 epieto·
710 1800 781 1851 ¹quae
810 1784 1073 1859 nihil-pronunciet,
1107 1793 1173 1856 quur
1195 1798 1230 1848 ad
1281 1840 1285 1849 ,

148 1859 194 1909 las
209 1856 281 1907 mibi
292 1856 503 1922 pronunciabat
519 1857 671 1907 uersiculis
710 1856 799 1920 ipsam
818 1868 877 1907 rem
897 1858 1039 1918 pertineat.
1083 1861 1255 1929 Utrumque·

150 1924 274 1996 facetis,
297 1927 336 1977 acl
357 1927 522 1994 familiares
538 1926 640 1978 nassas
652 1940 671 1976 a
712 1925 800 1977 iunxit
821 1920 926 1976 Plinius
947 1928 1018 1990 llpp.
1040 1928 1230 1997 111,1s,1o.

149 1996 297 2048 Corintho.
331 1996 459 2047 sednon
471 1995 584 2062 dubito,
601 1994 671 2061 quin
712 1995 758 2058 qui
775 1993 841 2045 alibi
856 1996 980 2058 opposuit
999 1995 1122 2064 effusum
1132 2002 1231 2057 stilum

149 2066 249 2135 fratri
260 2065 357 2131 fuerit
368 2067 490 2132 leuatus,
508 2078 565 2115 nan
576 2065 607 2114 in
621 2065 672 2116 de·
712 2064 742 2132 1,
759 2065 810 2130 20,
827 2060 886 2124 20.]

149 2148 220 2188 cem.
258 2135 352 2201 Atque
380 2135 434 2184 boc
456 2133 544 2185 etiam
564 2126 672 2199 accepi,
763 2132 853 2196 spurii
878 2128 984 2194 Albini]
1011 2132 1137 2190 Editores
1159 2134 1231 2204 Spu.

102 2239 110 2258 .
148 2218 208 2256 non
230 2203 330 2255 solitos
348 2205 474 2255 maiores
489 2205 607 2255 nostros
622 2216 670 2254 eos
710 2200 781 2259 61666
808 2200 937 2253 Albinum
966 2207 1105 2257 consulem
1129 2219 1231 2271 ponunt

104 2310 107 2318 ,
148 2271 291 2340 beaurein
304 2275 418 2341 decem,
443 2270 492 2338 qul
506 2272 670 2325 cassatim·
711 2282 775 2321 esse
803 2283 829 2322 a.
860 2268 921 2322 644.
944 2273 1038 2334 (110.)
1065 2278 1230 2342 eumdemque

148 2344 323 2411 aenatorum
334 2340 500 2394 necessarii.
524 2342 603 2393 Patet
614 2342 669 2405 igi-
710 2352 807 2390 rursus
819 2341 952 2390 nominari
967 2338 1041 2393 664.
1060 2343 1127 2395 cum
1139 2354 1230 2404 tamen

148 2421 196 2466 tur
206 2411 332 2473 Spurium
343 2411 497 2463 Mummium
515 2423 568 2461 non
582 2411 669 2461 solum
710 2408 806 2458 cicero
825 2414 972 2477 temporum
993 2409 1112 2464 ordinem
1133 2416 1230 2469 obser-

148 2479 306 2547 orationes,
340 2482 389 2530 sed
420 2480 551 2543 epistolas
587 2479 669 2531 etiam
710 2489 781 2527 vans
802 2483 928 2528 accurate
943 2486 1063 2529 oratore·
1076 2492 1228 2555 recenseat,

147 2548 290 2615 poeticas,
307 2554 335 2596 et
347 2548 461 2614 quidem,
478 2544 584 2614 opiner,
600 2551 669 2599 ben·
710 2544 770 2596 lieri
789 2545 880 2608 nequit
891 2545 956 2607 quin
975 2547 1020 2608 sp.
1033 2543 1149 2600 Albinus
1162 2561 1229 2607 con-

149 2616 345 2678 decasyllabos
365 2617 522 2681 scripsisse.
564 2619 617 2668 Sed
633 2618 669 2670 ab
711 2616 790 2666 suia
798 2615 859 2664 606.
866 2612 957 2674 (148.)
968 2613 1161 2680 intelligendus
1175 2624 1229 2677 sit:

146 2685 588 2742 16661666661611116116666661
600 2687 671 2737 scri-
711 2695 777 2749 quos
798 2684 870 2734 enim
886 2695 943 2739 uua
953 2694 1084 2737 memorat
1095 2692 1235 2762 oratores,¹

148 2765 222 2822 ptor,
237 2755 362 2806 laudatus
376 2755 424 2805 ille
436 2755 559 2807 Charisia
572 2757 670 2823 6118.
712 2753 802 2804 cuncti
814 2754 850 2805 ad
863 2754 932 2802 hanc
944 2754 1030 2805 lerino
1038 2763 1156 2810 aetatem
1165 2773 1229 2822 ner·

148 2823 506 2877 Mammiaeinrltellanar
518 2826 620 2877 Iunias
631 2824 671 2876 ad
712 2823 812 2888 tinent,
833 2825 867 2873 1..
885 2823 1028 2874 Mummius
1046 2837 1102 2875 cos.
1124 2839 1149 2879 a.
1164 2831 1229 2886 608.

148 2894 315 2961 spectacula
338 2896 382 2944 est
406 2893 508 2946 cidere
526 2897 558 2946 ia
579 2897 670 2962 tecta,
712 2894 744 2943 L.
757 2893 856 2944 Oresta
868 2905 895 2944 a·
909 2893 971 2944 628.
1000 2894 1030 2943 Ρ.
1048 2895 1180 2958 Popillius
1201 2913 1228 2952 a.

148 2965 291 3031 armatam
307 2961 346 3014 sit
359 2965 465 3030 canat,
489 2971 517 3014 et
534 2965 671 3016 macrobio
712 2964 773 3013 622.
795 2960 825 3013 G.
837 2960 984 3013 Tuditanus
1001 2975 1027 3013 a.
1039 2963 1100 3015 625.
1122 2967 1160 3016 Μ.
1171 2969 1230 3019 Ac-

149 3035 209 3085 Sst.
232 3032 262 3097 l,
287 3034 330 3084 10.
365 3033 522 3084 Mammiae
549 3046 671 3100 qaoque.
697 3031 927 3092 ‘miliusltepidus
944 3042 970 3082 a.
983 3033 1044 3084 617.
1068 3035 1100 3094 0.
1115 3035 1229 3100 Pompe.

140 3101 200 3169 qai
211 3099 420 3164 postNoolam
438 3105 469 3153 et
484 3104 671 3167 Pomponiam
711 3102 754 3151 ius
773 3112 799 3152 a.
813 3103 873 3149 616.
908 3100 937 3149 ls
953 3101 999 3164 Sp.
1012 3103 1231 3157 PostumiusAl·

141 3166 200 3222 'dia
218 3170 360 3220 iacentem
381 3173 479 3223 artem
497 3173 671 3224 Atellaniam
712 3171 792 3222 binus
804 3169 874 3219 idem
887 3173 945 3236 est,
968 3170 1164 3241 culminibus,
1183 3176 1230 3240 qui

147 3239 319 3290 suscitavit:
340 3240 463 3306 Nostri,
480 3242 591 3307 inquit,
608 3236 671 3293 nio-
712 3243 763 3290 hoe
786 3239 846 3300 ipso
870 3240 981 3288 consule
1006 3245 1088 3290 natus
1113 3252 1158 3293 est
1186 3249 1229 3304 (ν.

148 3309 231 3359 iores
244 3309 325 3359 celat
337 3308 405 3360 bene
420 3313 513 3361 malta
533 3311 671 3362 institae·
713 3307 828 3361 clinton.
841 3302 918 3358 Fasti
929 3307 957 3356 in
970 3320 997 3358 a.
1013 3311 1106 3375 bod-l,
1129 3313 1230 3366 litmn

147 3389 202 3448 re,
224 3373 416 3440 bocoptimer
444 3380 471 3430 Α
491 3380 670 3448 661966666-
712 3377 861 3428 satirarum
878 3376 1030 3439 inscripsit:
1052 3381 1230 3443 warman-

147 3458 217 3511 cere
229 3450 340 3497 1666666
358 3449 420 3503 dies
436 3451 546 3512 sentem
559 3452 670 3500 Satar—
711 3459 763 3496 nus
783 3446 812 3496 in
832 3447 941 3496 Anthol.
955 3446 1018 3498 Lat.
1035 3447 1066 3496 Τ.
1081 3449 1104 3499 l.
1127 3453 1229 3513 1³·5'1'0·

146 3514 236 3567 nuta.
271 3516 339 3586 liam
350 3518 396 3584 sp.
407 3518 550 3568 Mummius
561 3528 624 3570 ante
635 3521 669 3570 In
712 3516 790 3565 lianc
817 3513 901 3577 igitur
918 3516 953 3566 ad
970 3526 1091 3568 nonnam
1109 3517 1140 3570 in
1157 3521 1229 3573 Fra·
1288 3572 1289 3576 ,

147 3578 323 3646 Pomponium
361 3585 552 3637 Bononiensem
589 3588 669 3655 vixit,
711 3581 904 3647 umentismeis
917 3585 1060 3636 oratorum
1076 3589 1172 3650 6.,109.
1188 3593 1231 3642 sie

146 3655 195 3718 qui
215 3662 285 3704 aero
302 3656 408 3704 demum
426 3656 537 3706 Sullano
554 3656 628 3708 circa
641 3670 667 3708 a.
710 3652 809 3715 corrigi
823 3654 924 3719 velim,
939 3655 1168 3717 salomontos
1178 3660 1231 3712 Al-

147 3725 208 3772 666.
243 3725 286 3782 (v.
311 3721 425 3785 (llinton.
449 3723 540 3783 Fasti]
569 3727 668 3776 1106611.
711 3723 1028 3776 necestuosorum
1042 3725 1230 3780 6691666-

147 3791 251 3842 Verius
270 3799 359 3842 tamen
376 3793 405 3841 in
426 3791 550 3842 Charisia
563 3805 591 3845 et
607 3798 669 3846 illas
711 3794 757 3844 sal
774 3805 801 3842 a.
815 3793 876 3842 606.

148 3861 241 3910 cronio
253 3861 415 3923 Memmium,
432 3860 553 3912 Lucretii
567 3875 669 3928 acqua-
763 3859 1230 3924 uretcsnurellomnorestcmm]
1270 3873 1272 3876 ·
1332 3883 1336 3891 ,

147 3929 220 3996 lem,
243 3930 444 3994 desueuit).
462 3930 598 4000 dicemus,
620 3932 669 3984 alii
712 3932 743 3981 [ι.
760 3931 890 3981 Aurelius
909 3932 1022 3995 Orestes
1042 3941 1098 3979 cos.
1118 3942 1145 3982 a.
1165 3932 1227 3984 628.

147 4005 244 4060 cutam
256 3998 467 4062 intelligendum.
591 4019 594 4024 -
623 4048 625 4055 ,
712 4001 802 4059 (126.)
827 4001 991 4051 rebellantes
1005 4000 1105 4051 Sardos
1122 4001 1230 4065 subegit
1303 4015 1307 4020 ·

197 4067 366 4127 adstrictior]
389 4067 419 4118 c.
432 4071 476 4118 31.
502 4067 539 4119 nt
556 4069 670 4120 Stoico·
712 4070 789 4128 (hir.
813 4069 886 4134 Epit.
910 4070 1001 4131 1110),
1035 4079 1088 4129 quo
1105 4072 1230 4128 ¹consule

147 4142 216 4186 rant
236 4136 413 4188 adstrictior
432 4139 478 4188 est
498 4139 670 4190 666116611-
710 4143 839 4204 quaestor
857 4137 910 4190 tuit
927 4138 959 4189 c.
977 4137 1132 4188 amoenum
1164 4139 1229 4192 ride

148 4208 314 4274 quantoque
344 4203 545 4277 contractior,
584 4221 670 4289 quem
711 4221 736 4273 c,
755 4206 801 4262 28.
831 4198 1254 4274 86166.661666’61666666’

1003 4276 1028 4342 6
