2676 4748
543 301 629 395 Cap.
651 303 709 377 lt·
1122 298 1168 366 47
1231 309 1235 319 ’

30 528 33 536 ·
83 495 142 564 to.
170 488 294 582 (probe
313 508 405 560 vero.
444 495 486 558 ut
505 491 593 557 enim
609 491 752 558 hominis
766 478 953 577 ingenium,
980 483 1029 553 sic
1044 485 1173 572 ingenii

15 624 23 681 ‘.
85 580 392 735 iiSiustlumili‘elit
406 577 615 733 eloqnthntia,
635 601 703 667 qua
717 578 825 732 clinum
840 578 1057 749 effelmi?
1071 596 1171 665 prue-

84 690 176 737 care
209 688 264 731 um
324 690 336 731 ι
371 686 497 733 ommes
535 687 626 733 orem
664 687 847 733 ourcsse
886 684 1001 731 exerun

55 752 66 771 '¹
190 756 382 838 Suadaeque
393 754 547 820 medulla.
639 689 705 757 pp

85 837 199 912 Πειθώ
214 863 312 928 quam
327 850 448 909 vocant
457 840 590 923 Gracci,
611 842 707 908 cuius
721 839 860 906 effector
872 843 926 905 est
938 843 1064 919 orator,
1085 835 1171 901 hanc

14 1006 17 1011 ,
85 930 237 999 Suadam
259 929 442 1017 appellavit
457 926 604 1010 Ennius,
630 929 704 995 eius
719 936 830 994 autem
844 925 1026 1010 Cethegum
1041 923 1171 989 medul-

86 1022 155 1087 lam
169 1019 277 1083 luisse
294 1017 387 1084 vult:
415 1023 470 1098 ut,
491 1027 590 1104 quum
610 1015 705 1081 dcam
719 1016 753 1082 in
768 1013 895 1081 Pericli
908 1014 1016 1079 labris
1029 1013 1171 1100 scripsi]

86 1106 232 1193 Eupolis
247 1103 480 1186 cessitarissc,
502 1106 601 1170 huius
614 1105 668 1170 hic
685 1101 864 1169 medullam
886 1109 1038 1169 nostrum
1056 1107 1171 1167 oreto·

86 1216 159 1260 rem
178 1192 286 1257 fuisse
309 1189 444 1258 dixerit·
491 1196 549 1262 60.
576 1191 629 1258 At
644 1192 698 1257 hic
714 1189 883 1276 Cethegus
897 1190 1017 1257 consul
1039 1209 1113 1255 cnm
1128 1184 1171 1256 P.

87 1281 263 1348 Tuditano
277 1279 345 1343 luit
359 1279 447 1344 hello
463 1276 590 1346 Punico
602 1278 765 1360 secundo,
786 1285 1013 1365 quaestorque
1025 1276 1078 1341 his
1093 1295 1172 1341 con·

88 1369 222 1437 solibus
237 1366 285 1433 M.
295 1365 382 1436 Cato
396 1367 494 1434 modo
509 1369 609 1456 plane
624 1367 719 1433 annis
734 1387 810 1437 cxc.
826 1374 904 1433 ante
919 1387 971 1431 me
984 1366 1173 1444 consulem3

158 1510 202 1561 59.
235 1515 268 1560 ut
283 1509 353 1560 enim
366 1506 480 1560 hominis
493 1507 642 1572 ingenium]
660 1507 822 1571 Recepimus
835 1523 870 1561 ex
883 1509 953 1559 libro
967 1507 1120 1559 Borromei:
1142 1513 1173 1557 ut

124 1579 195 1631 enim
211 1579 325 1629 hominis
343 1580 458 1641 (munit)
474 1579 563 1638 lumen
576 1578 727 1641 ingenium,
752 1578 793 1627 sic
807 1578 905 1642 ingenii
918 1578 1005 1640 ipsius
1020 1578 1111 1627 lumen
1130 1582 1174 1626 est

123 1649 285 1713 eloquentia.
319 1649 415 1698 lumen
436 1648 471 1700 ud
490 1649 788 1710 utrumquemcmhrnm
800 1649 923 1709 pertinet.
951 1648 1042 1709 Vulgo
1056 1659 1117 1696 cum
1130 1647 1174 1695 ed.

125 1732 168 1782 pr.
192 1719 308 1781 legitur:
330 1719 366 1768 ut
384 1717 460 1768 enim
478 1716 601 1766 hominis
620 1717 705 1767 siccus
722 1715 884 1783 incenium,
906 1717 947 1766 sic
961 1715 1174 1782 inuaditpsius

58 1792 62 1805 ¹
124 1786 470 1851 lumenesleloquentiec
485 1786 620 1848 nisiquod
634 1785 851 1837 Orelliusdecus
864 1787 942 1836 uncis
956 1786 1071 1836 notavit.
1093 1784 1175 1835 (lom-

125 1869 196 1921 puru
207 1855 370 1905 simillimum
383 1857 473 1904 locum
490 1868 515 1903 c.
527 1858 576 1920 21,
595 1854 639 1906 83.
661 1855 704 1904 Pe
719 1852 810 1918 iusim
825 1854 917 1906 Laelii
930 1857 960 1906 et
972 1854 1114 1917 sapiente
1126 1854 1175 1902 iu·

125 1925 209 1992 uetito
223 1936 394 1990 queriquom
407 1937 442 1975 ee
454 1926 509 1990 cst,
524 1923 582 1974 ium
594 1925 629 1974 ut
638 1922 796 1986 plurimum
807 1924 957 1979 truuatur
969 1923 1110 1987 ambules,
1127 1923 1176 1974 ui·
1201 1978 1205 1985 ,

125 1993 210 2045 cendi
227 1997 324 2044 taenea
343 1995 407 2044 laus
420 1995 464 2044 esi
477 1995 508 2043 in
519 1992 618 2044 Laelio
631 1993 798 2061 illustrior,
820 1995 866 2045 ubi
876 1995 942 2046 laus
955 1995 990 2046 ed
1002 1993 1077 2057 prius
1089 2006 1175 2043 mem-

126 2064 204 2115 brum
217 2075 435 2128 quumquemca
449 2063 702 2115 estretrahendnm.
742 2086 745 2090 ·
1185 2088 1188 2095 ·

159 2134 318 2195 suadaeque
334 2133 466 2192 medulla]
495 2133 588 2183 suade
604 2132 728 2182 rucdulle
748 2129 840 2195 pullo
860 2143 946 2197 quum
968 2134 1011 2184 ed.
1031 2143 1072 2191 pr.
1106 2131 1176 2182 ltent

127 2200 234 2253 Gellius
250 2201 366 2267 vitiose,
390 2202 499 2252 Suadet
517 2203 648 2252 morttella.
682 2199 792 2261 Quintil.
809 2201 853 2262 ll,
871 2201 920 2266 15,
936 2196 964 2250 4.
981 2199 1125 2252 Isocrateo
1139 2199 1177 2266 fi-
1200 2253 1206 2263 .

127 2283 193 2320 uem
204 2270 282 2320 artis
294 2273 403 2320 temere
414 2271 594 2334 comprendit
611 2271 709 2320 diceus
722 2282 783 2320 esse
795 2269 963 2321 rhetoricen
980 2266 1177 2335 perstmdcudi

127 2337 272 2406 opificem,
293 2341 384 2391 idest
400 2337 553 2394 πειθοῦς
570 2326 1176 2405 dnucoooyiueuequecreiruruiltiucr7

128 2409 272 2460 emiserim
284 2409 383 2459 eadem
393 2407 440 2458 uti
452 2409 660 2474 declinatione,
684 2420 741 2474 qua
753 2405 868 2459 Ennius
880 2409 921 2479 M.
934 2409 1087 2477 Uettienum
1100 2411 1177 2462 oua-

129 2479 184 2530 'dae
198 2479 350 2529 medullam
362 2479 467 2537 tcocctt.¹

162 2549 223 2596 eius
234 2556 324 2597 certem
333 2547 446 2606 -rult]
472 2545 525 2594 Pro
538 2545 633 2608 glossa
643 2542 738 2595 haliuit
748 2542 911 2608 Schiitzius,
934 2557 1012 2607 qtrem
1024 2545 1072 2597 alii
1089 2547 1178 2599 secuti

128 2623 200 2668 sunt.
234 2617 322 2667 Probo
336 2615 480 2678 Orellium,
499 2614 544 2677 qui
555 2622 661 2675 gratem
674 2613 865 2676 negligentium
877 2614 1009 2675 agnoscit.
1045 2617 1119 2675 [Non
1132 2617 1177 2669 iu.

87 2702 89 2707 ’
129 2686 232 2751 eunde,
257 2687 306 2735 scd
325 2699 359 2734 ex
380 2683 543 2735 necessitate
558 2683 663 2733 Pullius
681 2683 849 2744 interposuit.
890 2685 958 2734 Nam
972 2683 1016 2744 qui
1031 2684 1178 2747 Cethegum

129 2754 218 2802 voluit
237 2767 297 2804 cum
318 2753 433 2804 Periclis
452 2752 603 2815 eloquenda
616 2753 792 2818 contendere,
816 2751 890 2803 iusta
901 2755 1072 2804 conclusione
1086 2755 1179 2805 debuit

130 2823 257 2887 efficere,
280 2831 312 2874 ut
323 2826 398 2872 homo
411 2825 548 2873 Roma-nus
561 2823 713 2872 moderator
725 2829 753 2871 et
767 2820 893 2884 princeps
906 2823 1011 2875 suadae
1024 2825 1178 2894 haberetur,

74 2952 77 2958 ,
130 2890 196 2941 item
207 2899 236 2940 ut
250 2891 370 2941 Pericles
382 2887 498 2944 πειθοῦς
513 2890 614 2943 arbiter
626 2895 747 2942 Athenas
760 2891 902 2953 rexisset]
935 2906 939 2914 ·

169 2963 304 3022 utquam]
331 2962 573 3026 etqttumed.1›r.

164 3030 279 3090 Pericli]
304 3031 370 3081 Corn
385 3032 426 3079 ed·
440 3043 481 3092 pr.
503 3027 625 3082 Periclis
643 3029 708 3078 Ern.
1170 3058 1177 3079 .

165 3098 208 3146 00.
243 3099 558 3162 quaestorque—unuh]
590 3101 782 3165 quaestorque
800 3100 831 3153 et
849 3111 945 3151 comes
959 3099 1063 3152 Marco
1076 3097 1181 3154 Ueioui

129 3168 313 3231 plancarum
330 3170 371 3217 ed.
386 3181 425 3229 pr.
1144 3209 1147 3214 .

165 3238 243 3286 modo
264 3239 357 3299 plane]
382 3239 424 3286 lle
439 3238 533 3287 herum
546 3236 741 3299 particularum
753 3235 783 3284 vi
796 3248 858 3285 cum
869 3237 1019 3288 dubitasset
1032 3239 1181 3305 Manutius,

132 3298 281 3355 Lambinus
294 3307 395 3356 delevit
408 3306 499 3357 modo.
541 3307 609 3356 Item
628 3305 750 3354 lloudlus
770 3304 798 3354 in
818 3307 897 3354 Ture.
914 3308 945 3356 'l'-
959 3307 1010 3358 ΠΙ.
1031 3324 1057 3370 p.
1070 3311 1133 3363 680.
1152 3310 1181 3362 ln

132 3374 282 3424 coniunctis
302 3377 384 3425 uredo
403 3379 489 3440 quutte
508 3378 619 3425 haerere
632 3388 662 3422 sc
678 3373 826 3424 conticetur.
863 3375 992 3435 [Videtur
1011 3380 1181 3440 computandi

129 3444 262 3505 quaedam
281 3445 416 3496 severitas
437 3452 464 3494 ct
485 3445 625 3507 diligentia
641 3442 798 3504 significari·
832 3443 911 3496 Haud
921 3445 1093 3499 dissimiliter
1106 3450 1182 3501 coie-

129 3521 194 3564 runt
210 3525 236 3563 e.
249 3512 297 3579 59,
316 3514 376 3564 215.
392 3517 479 3579 plane
493 3515 582 3579 utque
594 3513 728 3570 oraturio]
872 3531 874 3535 ·

96 3630 125 3683 ln
145 3645 223 3695 qncm
243 3635 388 3685 Pindarico
406 3647 460 3684 vox
478 3629 619 3704 ἐξαίρετον
711 3630 838 3694 Eupolis]
862 3631 945 3686 Cuius
960 3649 1088 3688 versuum
1098 3652 1183 3704 suoru

96 3698 227 3770 Χαρίτων
246 3699 369 3768 νέμομαι
386 3698 479 3754 κᾶπον
495 3705 552 3763 (01.
568 3704 619 3770 lx,
660 3702 736 3753 iacta
751 3710 793 3752 est
804 3705 904 3755 mentio
921 3715 946 3756 ο.
961 3708 995 3772 9,
1013 3708 1057 3758 38.

95 3767 156 3829 to.)
173 3774 363 3836 quodammodo
378 3775 502 3840 caderet,
522 3774 619 3835 optime
712 3771 757 3821 60.
792 3773 870 3822 annis
890 3788 956 3827 uxu-
976 3782 1039 3824 ante
1055 3788 1097 3825 me
1116 3787 1182 3827 con.

96 3838 302 3901 igumdeceoat
314 3843 399 3907 [loris
411 3843 529 3909 secreti,
539 3855 620 3907 qnam
661 3840 762 3899 sulem]
787 3838 1071 3904 Interamnium.)
1085 3846 1182 3896 et691.

95 3917 211 3972 usurpat
247 3912 335 3962 etiarn·
366 3911 491 3963 Catullus
508 3970 511 3976 Ι
527 3911 618 3978 oxu,
660 3910 734 3966 (63.)
765 3904 899 3962 intersunt
923 3914 1068 3964 secundum
1089 3925 1183 3965 aeram

10 4004 13 4011 ·
95 3978 153 4038 39]
473 3974 484 3994 ‘
660 3977 860 4031 Varronianam
872 3982 935 4031 unni
949 3994 1014 4032 cxn.
1038 3980 1184 4045 Nem‘quos

146 4044 262 4109 Pericli]
288 4048 359 4099 Vide
378 4059 461 4108 snpra
478 4059 503 4096 c.
519 4049 553 4115 7,
572 4051 617 4099 29.
659 4057 786 4096 numeros
806 4048 833 4098 in
855 4052 904 4099 hoc
921 4050 992 4098 libro
1005 4051 1122 4101 coniecit
1134 4051 1183 4103 Gi·

93 4111 254 4177 Thucydidi
260 4129 272 4176 ‚·
297 4116 370 4169 infru
387 4130 411 4166 c.
421 4115 464 4180 83,
479 4118 539 4168 286.
558 4118 617 4171 De·
659 4126 723 4166 cero
745 4117 1025 4183 (conf.c.18,72.)‚
1050 4120 1078 4172 in
1096 4121 1183 4175 ratio-

92 4186 244 4239 mostuene.
278 4198 303 4236 e.
318 4187 361 4239 85.
379 4185 520 4239 Aeschini.
658 4194 720 4238 uem
732 4186 865 4252 quirent
879 4186 1020 4240 Varronis.
