2676 4748
582 304 670 402 cer·
688 307 747 389 88·

119 498 228 574 hiberi
248 503 387 590 coeptus
405 500 472 569 oei.
492 495 516 543 ²*
543 516 745 589 quamquam
759 494 937 575 ,incideret
963 496 998 565 in
1022 496 1205 572 coiisset

114 589 266 680 ,Sulpicii
287 594 450 668 aetutem,
483 584 543 674 qui
561 589 665 654 ‚aunis
691 586 805 653 docem
827 585 990 666 maiores,
1021 589 1205 675 excellente

118 687 191 746 tum
209 675 335 745 Crasso
351 681 386 738 et
402 674 566 756 Antonio,
583 672 704 742 deinde
718 671 889 762 Philippo,
909 680 990 760 post
1000 671 1106 756 lulio,
1126 698 1209 746 curn

117 767 173 834 dis
192 763 280 853 ipsis
296 760 428 828 dicendi
442 762 550 846 gloria
567 760 836 850 comparabatur.
877 757 1029 826 Primum
1044 766 1205 834 memorie
1260 796 1261 800 ¹

117 855 228 932 ionia,
249 850 455 937 quantumin
471 850 565 915 nullo
579 849 775 936 cognouisse
791 868 844 914 me
861 846 1019 929 arbitror,
1041 857 1091 932 nt,
1117 872 1205 939 quae

119 960 235 1008 secum
258 942 500 1013 commentatus
520 946 629 1016 esset,
659 959 698 1002 ea
716 935 789 1002 sine
802 934 871 1001 scri
896 942 931 1000 to
949 937 1061 1002 verbis
1071 939 1204 1009 eisdem
1230 944 1234 956 ’

116 1025 297 1117 redderet,
331 1023 455 1110 quihus
481 1024 712 1109 cogitavisset.
761 1023 823 1089 hoc
844 956 1034 1090 tirunculo
1051 1025 1112 1091 ilie
1130 1036 1207 1094 tan-'-
1255 1021 1260 1026 ’

120 1123 158 1183 io
178 1115 237 1182 »sic
267 1111 448 1192 utebatur,
483 1117 523 1177 ut
548 1133 611 1180 sne
641 1119 678 1179 ei
701 1115 923 1177 commentata
950 1116 987 1176 et
1012 1112 1141 1203 scripta
1169 1120 1207 1183 oi

189 1271 252 1323 ³01.
286 1275 414 1333 coeptus,
436 1274 465 1318 et
477 1279 503 1333 q.
516 1289 551 1306 -
563 1268 784 1341 comparabitur]
802 1264 848 1318 sle
862 1265 972 1330 scripsi.
1005 1269 1074 1320 ilem
1086 1273 1206 1338 coeptos

155 1343 202 1396 ert
215 1364 248 1378 -
261 1337 484 1403 comparabatur
508 1339 584 1389 codd.
609 1344 638 1388 et
659 1338 701 1389 ed.
724 1350 765 1401 pr.
805 1339 923 1401 coeptos
945 1339 1037 1389 eat-
1051 1339 1206 1406 compara-

156 1411 264 1463 bantur
281 1421 317 1458 cx
334 1406 469 1458 Crevierli
485 1414 513 1457 et
529 1407 652 1460 londonii
669 1407 825 1458 conlectura
837 1405 973 1472 Oreliius,
992 1405 1033 1456 sic
1048 1412 1207 1472 explicares
1317 1430 1321 1435 ·

154 1477 344 1547 „Hortensius
365 1474 537 1526 nihilominus
554 1476 681 1527 celeriter
697 1476 733 1526 ad
748 1475 865 1525 melones
885 1487 984 1526 corusce
1004 1477 1124 1529 adhiberi
1141 1492 1207 1531 coe-

155 1557 220 1614 ptus
244 1554 303 1610 est,
333 1556 494 1607 utramquam
516 1546 648 1596 inciderat
671 1544 701 1595 in
725 1542 821 1594 cottae
838 1550 867 1593 et
882 1543 997 1608 'ulpicii
1015 1553 1149 1615 aetutem,
1177 1558 1206 1601 et

59 1616 61 1623 '
156 1618 223 1669 natis
246 1615 377 1666 maiorum
400 1620 429 1681 et
450 1625 512 1667 eum
534 1612 770 1664 excellentissimis
786 1612 953 1679 oratoribus,
976 1612 1094 1684 cresso,
1118 1619 1206 1672 Anto.

72 1740 75 1751 ,
157 1687 218 1750 nio,
241 1682 371 1746 reliquis,
394 1681 451 1732 iam
467 1681 618 1744 commereri
632 1676 807 1732 solitorum.“
840 1683 898 1744 Ego
909 1692 976 1731 vero
988 1681 1127 1735 ciceronis
1141 1700 1207 1738 een-

159 1753 272 1804 tcntiem
294 1760 350 1825 non
370 1751 487 1805 arbitror
509 1763 542 1801 eo
565 1757 709 1817 spectare,
734 1756 764 1801 nt
789 1747 878 1816 dicct,
904 1750 1062 1812 quibuscum
1080 1754 1162 1806 cotto
1177 1763 1212 1808 eo

157 1822 294 1884 Sulpicius
318 1818 466 1881 comparati
489 1820 561 1888 sint,
589 1821 639 1870 sed
661 1819 750 1882 ipsum
768 1817 941 1870 Hortensium
958 1819 1015 1872 cito
1032 1835 1093 1872 cum
1110 1824 1208 1878 cottus

156 1900 187 1942 et
201 1889 313 1952 Sulpicii
330 1890 411 1946 leude
427 1890 558 1946 certasse.
592 1889 670 1940 lianc
684 1887 768 1951 igitur
783 1888 818 1937 ob
835 1899 946 1939 consero
964 1890 1009 1941 est
1025 1889 1057 1944 in.
1069 1894 1100 1948 ee
1115 1902 1208 1947 muta.

158 1960 189 2019 vi
206 1959 275 2023 (nisi
290 1957 371 2009 melis
386 1960 503 2023 coeptus
521 1959 583 2025 est,
610 1959 671 2022 et),
699 1968 751 2019 quo
768 1968 855 2025 nemus
872 1956 1051 2018 membrorum
1068 1963 1147 2014 fieret
1163 1963 1208 2014 di·-

157 2029 275 2082 lucidus.
308 2025 435 2091 ceterum
453 2027 557 2078 inillis
611 2025 724 2078 ieonis
740 2026 837 2076 decem
852 2025 977 2079 nidores
994 2028 1078 2080 iecile
1092 2034 1209 2097 supple.

157 2098 234 2162 veris
259 2097 358 2154 crant.
397 2096 493 2161 ltaque
508 2037 670 2148 Hfflsius
686 2095 815 2146 celeriter
832 2107 933 2147 causae
947 2097 1091 2160 graviores
1108 2114 1208 2156 snsce-

156 2168 214 2234 pit‚
240 2168 282 2232 et,
304 2166 428 2229 quemvis
451 2166 611 2216 interiectus
633 2171 709 2214 esset
731 2164 816 2214 aetati
838 2161 934 2216 cottae
952 2173 980 2215 et
999 2167 1132 2238 Sulpicii,
1161 2172 1208 2234 qui

157 2235 237 2289 annis
254 2237 290 2286 X.
310 2235 429 2293 maiores
446 2241 539 2300 erant,
565 2245 626 2282 eum
642 2232 808 2281 excellerent
825 2233 961 2284 etiamtum
983 2232 1119 2305 Crassus,
1147 2242 1209 2292 An.

157 2306 266 2368 tonius,
296 2302 453 2367 l’ldlippus,
482 2301 587 2365 lulius,
613 2307 701 2350 temen
718 2302 767 2348 hos
784 2310 876 2350 omnes
894 2301 999 2351 dicendi
1015 2305 1095 2356 laude
1112 2319 1208 2361 aemm-
1294 2321 1298 2334 “

156 2375 275 2425 letatur.
310 2370 384 2429 [Non
407 2369 476 2420 odeo
496 2370 587 2431 placet
608 2366 664 2419 iste
680 2367 858 2418 membrorum
875 2369 1047 2436 compositio,
1076 2375 1210 2429 animm

159 2440 295 2503 coeptus,
319 2439 472 2493 et-com
495 2436 540 2487 itis
562 2435 633 2501 ipsis
656 2435 771 2486 dicendi
793 2434 891 2502 ylario
913 2441 1147 2510 comparabatur,
1176 2454 1209 2498 ut

159 2509 342 2569 correcturum
358 2504 386 2565 in
401 2505 490 2568 ipsum
505 2504 626 2559 ordinem
641 2503 789 2555 immissam
811 2504 894 2556 iecile
915 2506 1052 2573 ieramus3
1080 2525 1209 2573 pransor.

160 2578 209 2631 tim
232 2587 293 2625 cum
316 2587 383 2636 opus
405 2574 490 2626 inerit
511 2575 645 2638 porticulo
667 2579 840 2637 progressum
857 2580 1005 2636 temporum
1022 2579 1208 2644 distinguenti,

160 2648 214 2700 sed
230 2645 360 2708 orellium
375 2643 478 2694 refellit
494 2655 519 2703 c.
533 2645 576 2697 57.
593 2643 664 2701 rende
681 2642 868 2706 cognoscimus
890 2641 996 2694 cottam
1014 2655 1042 2697 et
1058 2649 1210 2713 Sulpicium

159 2713 267 2775 minime
281 2726 341 2771 cnm
355 2713 443 2777 gloria
457 2712 553 2770 crassi
564 2720 592 2762 et
604 2711 715 2778 entonii
728 2718 898 2774 comparatos
910 2724 982 2770 esse.
1005 2715 1108 2768 Verum
1120 2724 1210 2777 omnia

159 2792 236 2839 recte
253 2784 449 2848 sonaberunt,
472 2782 499 2833 si
515 2782 637 2848 ponimus
653 2780 784 2851 quiante
801 2793 973 2850 quamquam
990 2785 1150 2851 excidisse]

193 2853 302 2913 deinde]
325 2853 392 2904 dein
407 2853 450 2902 cd·
466 2864 507 2916 pr,

194 2936 255 2972 cum
272 2922 327 2982 nis]
350 2923 397 2972 Sic
413 2921 455 2979 ed.
472 2933 513 2983 pr.
536 2917 656 2971 remiis
672 2918 731 2969 edd.
748 2923 812 2984 ante
832 2916 917 2969 orell.
1198 2976 1201 2981 ¹

193 2990 222 3041 in
245 2992 334 3050 utillo]
364 2989 493 3040 Restituit
512 2991 616 3053 Manui,
641 2988 750 3038 iubente
771 2987 853 3038 etiem
869 2986 983 3040 Wolfio.
1017 2987 1050 3052 in
1065 2991 1125 3043 etilo
1142 2995 1210 3049 Asc.

160 3056 217 3112 s'ec.
234 3061 348 3123 probato
366 3059 520 3110 Goerenzio
536 3059 565 3108 in
581 3059 618 3118 V,
631 3056 693 3110 rin.
707 3058 758 3125 21,
775 3055 820 3111 59.
836 3069 916 3123 quem
931 3057 1033 3113 fefellit
1048 3065 1210 3133 nostratium
1314 3083 1323 3109 t

161 3132 249 3183 iorma
265 3127 378 3178 dicendi.
412 3127 445 3178 itt
460 3126 527 3178 ciro
545 3128 577 3177 D.
595 3126 736 3190 credor.
796 3181 799 3188 ,

193 3198 332 3256 redderet]
356 3197 503 3249 redoleret
518 3198 560 3247 ed.
577 3207 620 3258 pr.

197 3265 390 3329 cogitavisset]
407 3267 476 3316 Item
487 3266 529 3317 ed.
538 3278 579 3330 pr.
600 3259 826 3330 eccoqitaoieeei
838 3262 905 3322 Asc.
919 3275 981 3317 cum
992 3264 1055 3328 aliis
1065 3267 1127 3333 cdd,
1140 3277 1211 3325 verr.

194 3347 248 3396 sna
263 3336 304 3396 et]
330 3335 420 3397 llobet
436 3336 477 3386 ed.
493 3349 537 3401 nr.
570 3334 719 3388 edormi).
737 3331 881 3386 etiamn.
1255 3341 1262 3362 ¹

127 3503 215 3545 ennon
231 3489 307 3542 esset
322 3498 419 3559 nctus,
440 3487 612 3542 monitumin
623 3501 649 3541 c.
690 3484 753 3552 niue
767 3485 916 3540 admiretur
932 3484 1045 3559 cicero,
1067 3493 1154 3544 Acod.
1173 3494 1213 3561 ll,

127 3561 179 3631 oi,
195 3563 257 3610 229.
692 3559 718 3615 1,
740 3558 774 3608 de
795 3558 871 3610 ortt·
890 3557 949 3627 111,
965 3561 1011 3611 ol.
1033 3559 1153 3632 Tusci,
1169 3562 1214 3616 24.

144 3664 146 3669 2
181 3630 289 3689 cottae]
314 3629 355 3680 De
371 3631 421 3680 hoc
434 3635 463 3679 et
474 3625 592 3692 sulpicio
605 3625 650 3679 dit
691 3628 762 3684 extr.
816 3682 818 3687 ,
1194 3648 1225 3681 ·.

127 3698 169 3752 xit
182 3699 211 3749 in
223 3711 247 3748 c.
262 3696 304 3749 55.
550 3715 555 3734 ι
665 3710 670 3720 ·
743 3701 771 3745 et
783 3702 962 3747 commentata
974 3703 1002 3746 et
1015 3695 1131 3760 scriptu]
1146 3699 1215 3751 Vir.-

155 3796 158 3801 ·
180 3764 650 3828 crasso-PhilippoJllorumtem-
692 3770 738 3814 tue
757 3763 873 3815 oretoris
891 3771 947 3815 tum
968 3765 1055 3816 omnis
1081 3768 1215 3830 pendetur
1312 3798 1315 3804 ·

127 3837 239 3900 poribus
251 3843 382 3899 quotenus
396 3834 555 3884 coniunctus
565 3832 650 3883 inerit
692 3847 728 3884 ex
756 3831 977 3884 commentatione
993 3833 1058 3884 uel
1091 3837 1214 3890 cretione

127 3905 290 3961 Hortensius
306 3916 391 3967 supra
409 3902 540 3955 indicavit
552 3900 650 3955 cicero
690 3902 837 3965 meditcte3
864 3915 916 3952 neo
936 3904 969 3954 de
987 3903 1089 3963 scripto
1113 3904 1216 3959 licebat

128 3987 156 4026 c.
169 3972 213 4025 64.
567 3983 569 3986 ·
690 3970 721 4022 in
739 3971 800 4028 iore
818 3971 946 4035 recitere,
985 3973 1022 4022 V.
1041 3972 1163 4024 wolfius
1180 3977 1215 4029 de

181 4042 265 4101 lulio]
287 4043 323 4092 V.
339 4054 364 4090 c.
376 4038 419 4091 48.
691 4040 871 4093 Marcelliano
882 4055 910 4104 p.
918 4040 983 4091 XX.
1006 4039 1060 4090 sed
1073 4048 1101 4090 et
1112 4043 1215 4096 breves

181 4111 350 4172 memoriam]
362 4106 651 4162 summcmillamver-
692 4108 876 4162 commentarii
890 4121 1034 4160 causarum
1047 4111 1155 4164 exuram
1168 4125 1216 4165 so-

128 4182 224 4234 borum
233 4179 576 4235 memoricminllortemio
585 4190 652 4235 ece-
692 4179 803 4250 labent,
826 4184 855 4231 et
873 4177 945 4244 siqui
962 4178 1083 4233 hierem
1094 4180 1153 4235 stili
1163 4183 1216 4237 do·
