<?xml version="1.0" encoding="UTF-8"?>
<!DOCTYPE html PUBLIC "-//W3C//DTD XHTML 1.0 Transitional//EN"
    "http://www.w3.org/TR/xhtml1/DTD/xhtml1-transitional.dtd">
<html xmlns="http://www.w3.org/1999/xhtml" xml:lang="en" lang="en">
 <head>
  <title>
</title>
<meta http-equiv="Content-Type" content="text/html;charset=utf-8" />
  <meta name='ocr-system' content='tesseract 3.04.00' />
  <meta name='ocr-capabilities' content='ocr_page ocr_carea ocr_par ocr_line ocrx_word'/>
</head>
<body>
  <div class='ocr_page' id='page_1' title='image "./mtulliiciceroni00meyegoog_0226.png"; bbox 0 0 2676 4748; ppageno 0'>
   <div class='ocr_carea' id='block_1_1' title="bbox 544 304 1204 396">
    <p class='ocr_par' dir='ltr' id='par_1_1' title="bbox 544 304 1204 396">
     <span class='ocr_line' id='line_1_1' title="bbox 544 304 1204 396; baseline 0 -20"><span class='ocrx_word' id='word_1_1' title='bbox 544 340 549 356; x_wconf 78' lang='lat'>=</span> <span class='ocrx_word' id='word_1_2' title='bbox 583 304 745 396; x_wconf 76' lang='lat' dir='ltr'><strong>(tapes.</strong></span> <span class='ocrx_word' id='word_1_3' title='bbox 772 324 775 347; x_wconf 84' lang='lat'><em>³</em></span> <span class='ocrx_word' id='word_1_4' title='bbox 912 344 916 349; x_wconf 90' lang='lat'>·</span> <span class='ocrx_word' id='word_1_5' title='bbox 1137 307 1204 378; x_wconf 80' lang='lat'><strong>2⁰1</strong></span> 
     </span>
    </p>
   </div>
   <div class='ocr_carea' id='block_1_2' title="bbox 73 490 1301 1549">
    <p class='ocr_par' dir='ltr' id='par_1_2' title="bbox 73 490 1301 1368">
     <span class='ocr_line' id='line_1_2' title="bbox 119 490 1204 587; baseline 0.002 -27"><span class='ocrx_word' id='word_1_6' title='bbox 119 492 152 560; x_wconf 88' lang='lat' dir='ltr'><strong>is</strong></span> <span class='ocrx_word' id='word_1_7' title='bbox 168 491 320 560; x_wconf 87' lang='lat' dir='ltr'><strong>omnibus</strong></span> <span class='ocrx_word' id='word_1_8' title='bbox 339 497 490 582; x_wconf 83' lang='lat' dir='ltr'><strong>exemplo</strong></span> <span class='ocrx_word' id='word_1_9' title='bbox 505 491 605 562; x_wconf 88' lang='lat' dir='ltr'><strong>debet</strong></span> <span class='ocrx_word' id='word_1_10' title='bbox 618 490 713 576; x_wconf 88' lang='lat' dir='ltr'><strong>esse,</strong></span> <span class='ocrx_word' id='word_1_11' title='bbox 735 490 943 584; x_wconf 89' lang='lat' dir='ltr'><strong>quantumin</strong></span> <span class='ocrx_word' id='word_1_12' title='bbox 956 491 1114 560; x_wconf 84' lang='lat' dir='ltr'><strong>bacurbe</strong></span> <span class='ocrx_word' id='word_1_13' title='bbox 1130 497 1204 587; x_wconf 84' lang='lat' dir='ltr'><strong>pol-</strong></span> 
     </span>
     <span class='ocr_line' id='line_1_3' title="bbox 118 581 1205 668; baseline 0.004 -21"><span class='ocrx_word' id='word_1_14' title='bbox 118 583 189 647; x_wconf 87' lang='lat' dir='ltr'><strong>leat</strong></span> <span class='ocrx_word' id='word_1_15' title='bbox 211 584 394 647; x_wconf 88' lang='lat' dir='ltr'><strong>multorum</strong></span> <span class='ocrx_word' id='word_1_16' title='bbox 415 581 553 653; x_wconf 86' lang='lat' dir='ltr'><strong>obedire</strong></span> <span class='ocrx_word' id='word_1_17' title='bbox 571 586 734 668; x_wconf 76' lang='lat' dir='ltr'>tempori,</span> <span class='ocrx_word' id='word_1_18' title='bbox 757 583 1004 667; x_wconf 86' lang='lat' dir='ltr'><strong>multorumque</strong></span> <span class='ocrx_word' id='word_1_19' title='bbox 1017 584 1070 668; x_wconf 87' lang='lat' dir='ltr'><strong>rel</strong></span> <span class='ocrx_word' id='word_1_20' title='bbox 1086 584 1205 651; x_wconf 83' lang='lat' dir='ltr'><strong>honori</strong></span> 
     </span>
     <span class='ocr_line' id='line_1_4' title="bbox 119 668 1203 758; baseline 0.002 -23"><span class='ocrx_word' id='word_1_21' title='bbox 119 671 174 735; x_wconf 87' lang='lat' dir='ltr'><strong>rel</strong></span> <span class='ocrx_word' id='word_1_22' title='bbox 187 670 338 758; x_wconf 92' lang='lat' dir='ltr'><strong>periculo</strong></span> <span class='ocrx_word' id='word_1_23' title='bbox 348 671 485 739; x_wconf 88' lang='lat' dir='ltr'><strong>servire.</strong></span> <span class='ocrx_word' id='word_1_24' title='bbox 527 673 606 739; x_wconf 78' lang='lat'><strong>243.</strong></span> <span class='ocrx_word' id='word_1_25' title='bbox 628 668 695 736; x_wconf 90' lang='lat' dir='ltr'><strong>His</strong></span> <span class='ocrx_word' id='word_1_26' title='bbox 712 672 798 735; x_wconf 87' lang='lat' dir='ltr'><strong>enirn</strong></span> <span class='ocrx_word' id='word_1_27' title='bbox 813 669 913 734; x_wconf 93' lang='lat' dir='ltr'><strong>rebus</strong></span> <span class='ocrx_word' id='word_1_28' title='bbox 921 670 1041 749; x_wconf 80' lang='lat' dir='ltr'><strong>,infimo</strong></span> <span class='ocrx_word' id='word_1_29' title='bbox 1055 672 1130 737; x_wconf 89' lang='lat' dir='ltr'><strong>loco</strong></span> <span class='ocrx_word' id='word_1_30' title='bbox 1144 693 1203 737; x_wconf 89' lang='lat' dir='ltr'><strong>na-</strong></span> 
     </span>
     <span class='ocr_line' id='line_1_5' title="bbox 73 757 1203 846; baseline 0.003 -24"><span class='ocrx_word' id='word_1_31' title='bbox 73 787 76 795; x_wconf 32' lang='lat' dir='ltr'><strong>r</strong></span> <span class='ocrx_word' id='word_1_32' title='bbox 118 763 197 836; x_wconf 78' lang='lat' dir='ltr'><strong>sus,-</strong></span> <span class='ocrx_word' id='word_1_33' title='bbox 213 765 248 821; x_wconf 95' lang='lat' dir='ltr'><strong>et</strong></span> <span class='ocrx_word' id='word_1_34' title='bbox 263 757 405 824; x_wconf 81' lang='lat' dir='ltr'><strong>honores</strong></span> <span class='ocrx_word' id='word_1_35' title='bbox 422 765 456 824; x_wconf 89' lang='lat' dir='ltr'><strong>et</strong></span> <span class='ocrx_word' id='word_1_36' title='bbox 472 759 645 846; x_wconf 87' lang='lat' dir='ltr'><strong>pecuniam</strong></span> <span class='ocrx_word' id='word_1_37' title='bbox 662 764 696 824; x_wconf 88' lang='lat' dir='ltr'><strong>et</strong></span> <span class='ocrx_word' id='word_1_38' title='bbox 710 759 852 843; x_wconf 80' lang='lat' dir='ltr'><strong>gratiam</strong></span> <span class='ocrx_word' id='word_1_39' title='bbox 868 766 1078 839; x_wconf 88' lang='lat' dir='ltr'><strong>consecutus,</strong></span> <span class='ocrx_word' id='word_1_40' title='bbox 1099 759 1203 824; x_wconf 81' lang='lat' dir='ltr'><strong>atiani</strong></span> 
     </span>
     <span class='ocr_line' id='line_1_6' title="bbox 119 842 1251 932; baseline 0.001 -22"><span class='ocrx_word' id='word_1_41' title='bbox 119 843 155 910; x_wconf 91' lang='lat' dir='ltr'><strong>in</strong></span> <span class='ocrx_word' id='word_1_42' title='bbox 177 851 394 931; x_wconf 85' lang='lat' dir='ltr'><strong>patronorum</strong></span> <span class='ocrx_word' id='word_1_43' title='bbox 420 847 492 921; x_wconf 85' lang='lat' dir='ltr'><strong>sine</strong></span> <span class='ocrx_word' id='word_1_44' title='bbox 512 843 683 927; x_wconf 87' lang='lat' dir='ltr'><strong>doctrina,</strong></span> <span class='ocrx_word' id='word_1_45' title='bbox 718 847 790 910; x_wconf 91' lang='lat' dir='ltr'><strong>sine</strong></span> <span class='ocrx_word' id='word_1_46' title='bbox 810 845 940 930; x_wconf 85' lang='lat' dir='ltr'><strong>ingenio</strong></span> <span class='ocrx_word' id='word_1_47' title='bbox 970 845 1116 932; x_wconf 81' lang='lat' dir='ltr'><strong>aliquem</strong></span> <span class='ocrx_word' id='word_1_48' title='bbox 1140 868 1204 911; x_wconf 63' lang='lat' dir='ltr'><strong>nna</strong></span> <span class='ocrx_word' id='word_1_49' title='bbox 1247 842 1251 847; x_wconf 65' lang='grc'><em>’</em></span> 
     </span>
     <span class='ocr_line' id='line_1_7' title="bbox 96 930 1204 1022; baseline -0.002 -20"><span class='ocrx_word' id='word_1_50' title='bbox 96 978 100 987; x_wconf 86' lang='lat'>·</span> <span class='ocrx_word' id='word_1_51' title='bbox 118 952 247 1002; x_wconf 86' lang='lat' dir='ltr'><strong>merum</strong></span> <span class='ocrx_word' id='word_1_52' title='bbox 263 941 471 1021; x_wconf 85' lang='lat' dir='ltr'><strong>pervenerat.</strong></span> <span class='ocrx_word' id='word_1_53' title='bbox 517 930 584 998; x_wconf 87' lang='lat' dir='ltr'><strong>Sed</strong></span> <span class='ocrx_word' id='word_1_54' title='bbox 607 939 647 998; x_wconf 92' lang='lat' dir='ltr'><strong>ut</strong></span> <span class='ocrx_word' id='word_1_55' title='bbox 667 933 799 1022; x_wconf 85' lang='lat' dir='ltr'>pugiles</span> <span class='ocrx_word' id='word_1_56' title='bbox 815 931 1041 1012; x_wconf 82' lang='lat' dir='ltr'><strong>inexercitati,</strong></span> <span class='ocrx_word' id='word_1_57' title='bbox 1069 934 1204 1000; x_wconf 90' lang='lat' dir='ltr'><strong>etiamsi</strong></span> 
     </span>
     <span class='ocr_line' id='line_1_8' title="bbox 118 1019 1203 1109; baseline 0.004 -26"><span class='ocrx_word' id='word_1_58' title='bbox 118 1040 249 1108; x_wconf 85' lang='lat' dir='ltr'><strong>pugnos</strong></span> <span class='ocrx_word' id='word_1_59' title='bbox 265 1027 300 1084; x_wconf 90' lang='lat' dir='ltr'><strong>et</strong></span> <span class='ocrx_word' id='word_1_60' title='bbox 313 1022 430 1108; x_wconf 81' lang='lat' dir='ltr'><strong>plagas</strong></span> <span class='ocrx_word' id='word_1_61' title='bbox 446 1020 680 1109; x_wconf 83' lang='lat' dir='ltr'><strong>Olympiorum</strong></span> <span class='ocrx_word' id='word_1_62' title='bbox 696 1019 809 1107; x_wconf 89' lang='lat' dir='ltr'><strong>cupidi</strong></span> <span class='ocrx_word' id='word_1_63' title='bbox 823 1021 912 1084; x_wconf 89' lang='lat' dir='ltr'><strong>ferre</strong></span> <span class='ocrx_word' id='word_1_64' title='bbox 928 1026 1082 1108; x_wconf 88' lang='lat' dir='ltr'><strong>possunt,</strong></span> <span class='ocrx_word' id='word_1_65' title='bbox 1096 1023 1203 1087; x_wconf 87' lang='lat' dir='ltr'><strong>solem</strong></span> 
     </span>
     <span class='ocr_line' id='line_1_9' title="bbox 120 1107 1301 1195; baseline 0.002 -23"><span class='ocrx_word' id='word_1_66' title='bbox 120 1113 234 1172; x_wconf 84' lang='lat' dir='ltr'><strong>tamen</strong></span> <span class='ocrx_word' id='word_1_67' title='bbox 259 1129 358 1195; x_wconf 86' lang='lat' dir='ltr'><strong>saepe</strong></span> <span class='ocrx_word' id='word_1_68' title='bbox 380 1109 469 1173; x_wconf 87' lang='lat' dir='ltr'><strong>ferre</strong></span> <span class='ocrx_word' id='word_1_69' title='bbox 491 1130 554 1173; x_wconf 91' lang='lat' dir='ltr'><strong>non</strong></span> <span class='ocrx_word' id='word_1_70' title='bbox 577 1116 736 1195; x_wconf 88' lang='lat' dir='ltr'><strong>possunt:</strong></span> <span class='ocrx_word' id='word_1_71' title='bbox 765 1107 814 1172; x_wconf 91' lang='lat' dir='ltr'><strong>sic</strong></span> <span class='ocrx_word' id='word_1_72' title='bbox 838 1108 914 1187; x_wconf 89' lang='lat' dir='ltr'><strong>ille,</strong></span> <span class='ocrx_word' id='word_1_73' title='bbox 935 1107 1115 1174; x_wconf 88' lang='lat' dir='ltr'><strong>cumomni</strong></span> <span class='ocrx_word' id='word_1_74' title='bbox 1134 1110 1203 1174; x_wconf 87' lang='lat' dir='ltr'><strong>iam</strong></span> <span class='ocrx_word' id='word_1_75' title='bbox 1298 1177 1301 1183; x_wconf 70' lang='grc'>,</span> 
     </span>
     <span class='ocr_line' id='line_1_10' title="bbox 120 1193 1205 1284; baseline 0.004 -26"><span class='ocrx_word' id='word_1_76' title='bbox 120 1193 255 1260; x_wconf 78' lang='lat' dir='ltr'><strong>fortuna</strong></span> <span class='ocrx_word' id='word_1_77' title='bbox 277 1215 440 1283; x_wconf 82' lang='lat' dir='ltr'><strong>prospere</strong></span> <span class='ocrx_word' id='word_1_78' title='bbox 462 1196 596 1260; x_wconf 83' lang='lat' dir='ltr'><strong>functus</strong></span> <span class='ocrx_word' id='word_1_79' title='bbox 615 1194 750 1261; x_wconf 89' lang='lat' dir='ltr'><strong>labores</strong></span> <span class='ocrx_word' id='word_1_80' title='bbox 772 1195 874 1261; x_wconf 89' lang='lat' dir='ltr'><strong>etiam</strong></span> <span class='ocrx_word' id='word_1_81' title='bbox 892 1216 1029 1278; x_wconf 87' lang='lat' dir='ltr'><strong>magnos</strong></span> <span class='ocrx_word' id='word_1_82' title='bbox 1051 1197 1205 1284; x_wconf 65' lang='lat' dir='ltr'><strong>excepis⁴</strong></span> 
     </span>
     <span class='ocr_line' id='line_1_11' title="bbox 121 1282 1203 1368; baseline 0.006 -20"><span class='ocrx_word' id='word_1_83' title='bbox 121 1289 187 1364; x_wconf 87' lang='lat' dir='ltr'><strong>set,</strong></span> <span class='ocrx_word' id='word_1_84' title='bbox 202 1282 296 1347; x_wconf 90' lang='lat' dir='ltr'><strong>illius</strong></span> <span class='ocrx_word' id='word_1_85' title='bbox 310 1282 479 1347; x_wconf 87' lang='lat' dir='ltr'><strong>iudicialis</strong></span> <span class='ocrx_word' id='word_1_86' title='bbox 493 1283 570 1346; x_wconf 91' lang='lat' dir='ltr'><strong>anni</strong></span> <span class='ocrx_word' id='word_1_87' title='bbox 584 1282 795 1347; x_wconf 86' lang='lat' dir='ltr'><strong>severitatem</strong></span> <span class='ocrx_word' id='word_1_88' title='bbox 807 1282 905 1368; x_wconf 90' lang='lat' dir='ltr'><strong>quasi</strong></span> <span class='ocrx_word' id='word_1_89' title='bbox 917 1282 1021 1348; x_wconf 92' lang='lat' dir='ltr'><strong>solem</strong></span> <span class='ocrx_word' id='word_1_90' title='bbox 1031 1305 1096 1350; x_wconf 92' lang='lat' dir='ltr'><strong>uon</strong></span> <span class='ocrx_word' id='word_1_91' title='bbox 1108 1284 1203 1354; x_wconf 73' lang='lat' dir='ltr'><strong>tulite</strong></span> 
     </span>
    </p>

    <p class='ocr_par' dir='ltr' id='par_1_3' title="bbox 120 1367 1273 1549">
     <span class='ocr_line' id='line_1_12' title="bbox 170 1367 1273 1457; baseline 0.002 -22"><span class='ocrx_word' id='word_1_92' title='bbox 170 1404 173 1410; x_wconf 93' lang='lat'>·</span> <span class='ocrx_word' id='word_1_93' title='bbox 224 1372 301 1438; x_wconf 77' lang='lat'><strong>244.</strong></span> <span class='ocrx_word' id='word_1_94' title='bbox 320 1368 409 1434; x_wconf 84' lang='lat' dir='ltr'><strong>Tum</strong></span> <span class='ocrx_word' id='word_1_95' title='bbox 420 1369 573 1450; x_wconf 89' lang='lat' dir='ltr'><strong>Atticus,</strong></span> <span class='ocrx_word' id='word_1_96' title='bbox 586 1368 644 1434; x_wconf 85' lang='lat' dir='ltr'><strong>Tu</strong></span> <span class='ocrx_word' id='word_1_97' title='bbox 656 1367 796 1456; x_wconf 84' lang='lat' dir='ltr'><strong>quidem</strong></span> <span class='ocrx_word' id='word_1_98' title='bbox 806 1370 848 1434; x_wconf 91' lang='lat' dir='ltr'><strong>de</strong></span> <span class='ocrx_word' id='word_1_99' title='bbox 862 1369 967 1451; x_wconf 87' lang='lat' dir='ltr'><strong>faece,</strong></span> <span class='ocrx_word' id='word_1_100' title='bbox 982 1370 1103 1457; x_wconf 90' lang='lat' dir='ltr'><strong>inquit,</strong></span> <span class='ocrx_word' id='word_1_101' title='bbox 1120 1371 1205 1437; x_wconf 84' lang='lat' dir='ltr'><strong>hau·</strong></span> <span class='ocrx_word' id='word_1_102' title='bbox 1271 1446 1273 1451; x_wconf 10' lang='grc' dir='ltr'><strong>λ</strong></span> 
     </span>
     <span class='ocr_line' id='line_1_13' title="bbox 120 1453 1204 1549; baseline 0.005 -29"><span class='ocrx_word' id='word_1_103' title='bbox 120 1453 184 1537; x_wconf 89' lang='lat' dir='ltr'><strong>ris,</strong></span> <span class='ocrx_word' id='word_1_104' title='bbox 197 1453 298 1545; x_wconf 88' lang='lat' dir='ltr'><strong>idque</strong></span> <span class='ocrx_word' id='word_1_105' title='bbox 305 1455 601 1542; x_wconf 79' lang='lat' dir='ltr'><strong>iamdudum3&#39;sed</strong></span> <span class='ocrx_word' id='word_1_106' title='bbox 612 1456 780 1525; x_wconf 86' lang='lat' dir='ltr'><strong>tacebam:</strong></span> <span class='ocrx_word' id='word_1_107' title='bbox 802 1458 863 1523; x_wconf 90' lang='lat' dir='ltr'><strong>hoc</strong></span> <span class='ocrx_word' id='word_1_108' title='bbox 871 1478 949 1525; x_wconf 90' lang='lat' dir='ltr'><strong>vero</strong></span> <span class='ocrx_word' id='word_1_109' title='bbox 959 1479 1024 1524; x_wconf 88' lang='lat' dir='ltr'><strong>nen</strong></span> <span class='ocrx_word' id='word_1_110' title='bbox 1033 1457 1204 1549; x_wconf 77' lang='lat' dir='ltr'><strong>putabam,</strong></span> 
     </span>
    </p>
   </div>
   <div class='ocr_carea' id='block_1_3' title="bbox 88 1645 1249 2413">
    <p class='ocr_par' dir='ltr' id='par_1_4' title="bbox 135 1645 1203 1719">
     <span class='ocr_line' id='line_1_14' title="bbox 135 1645 1203 1719; baseline 0.004 -21"><span class='ocrx_word' id='word_1_111' title='bbox 135 1645 232 1700; x_wconf 61' lang='lat' dir='ltr'><strong>‘bomo</strong></span> <span class='ocrx_word' id='word_1_112' title='bbox 248 1648 381 1702; x_wconf 76' lang='lat' dir='ltr'><strong>factiosus</strong></span> <span class='ocrx_word' id='word_1_113' title='bbox 400 1649 487 1701; x_wconf 85' lang='lat' dir='ltr'><strong>sicubi</strong></span> <span class='ocrx_word' id='word_1_114' title='bbox 504 1648 636 1712; x_wconf 82' lang='lat' dir='ltr'><strong>ministris</strong></span> <span class='ocrx_word' id='word_1_115' title='bbox 653 1657 762 1719; x_wconf 79' lang='lat' dir='ltr'><strong>egeret,</strong></span> <span class='ocrx_word' id='word_1_116' title='bbox 791 1661 902 1714; x_wconf 84' lang='lat' dir='ltr'><strong>quorum</strong></span> <span class='ocrx_word' id='word_1_117' title='bbox 919 1649 1096 1714; x_wconf 87' lang='lat' dir='ltr'><strong>patrocinium</strong></span> <span class='ocrx_word' id='word_1_118' title='bbox 1110 1649 1203 1704; x_wconf 88' lang='lat' dir='ltr'><strong>causis</strong></span> 
     </span>
    </p>

    <p class='ocr_par' dir='ltr' id='par_1_5' title="bbox 121 1718 1215 2203">
     <span class='ocr_line' id='line_1_15' title="bbox 121 1718 1203 1787; baseline 0.006 -21"><span class='ocrx_word' id='word_1_119' title='bbox 121 1774 126 1779; x_wconf 14' lang='grc' dir='ltr'>ἡ</span> <span class='ocrx_word' id='word_1_120' title='bbox 156 1720 332 1771; x_wconf 82' lang='lat' dir='ltr'><strong>clandestinis</strong></span> <span class='ocrx_word' id='word_1_121' title='bbox 358 1728 546 1786; x_wconf 82' lang='lat' dir='ltr'><strong>praetexeret,</strong></span> <span class='ocrx_word' id='word_1_122' title='bbox 577 1727 608 1770; x_wconf 89' lang='lat' dir='ltr'><strong>ut</strong></span> <span class='ocrx_word' id='word_1_123' title='bbox 630 1721 743 1770; x_wconf 79' lang='lat' dir='ltr'><strong>Athenis</strong></span> <span class='ocrx_word' id='word_1_124' title='bbox 766 1718 887 1770; x_wconf 82' lang='lat' dir='ltr'><strong>Pericles</strong></span> <span class='ocrx_word' id='word_1_125' title='bbox 913 1721 1069 1787; x_wconf 50' lang='lat' dir='ltr'><strong>§actitatam</strong></span> <span class='ocrx_word' id='word_1_126' title='bbox 1104 1723 1203 1772; x_wconf 79' lang='lat' dir='ltr'><strong>Arrius</strong></span> 
     </span>
     <span class='ocr_line' id='line_1_16' title="bbox 155 1787 1203 1855; baseline 0.004 -19"><span class='ocrx_word' id='word_1_127' title='bbox 155 1787 209 1837; x_wconf 81' lang='lat' dir='ltr'><strong>iste</strong></span> <span class='ocrx_word' id='word_1_128' title='bbox 233 1791 372 1851; x_wconf 80' lang='lat' dir='ltr'><strong>suppetias</strong></span> <span class='ocrx_word' id='word_1_129' title='bbox 395 1798 516 1852; x_wconf 85' lang='lat' dir='ltr'><strong>prompte</strong></span> <span class='ocrx_word' id='word_1_130' title='bbox 540 1789 647 1855; x_wconf 70' lang='lat' dir='ltr'><strong>terebat</strong></span> <span class='ocrx_word' id='word_1_131' title='bbox 664 1801 792 1852; x_wconf 81' lang='lat' dir='ltr'><strong>suamque</strong></span> <span class='ocrx_word' id='word_1_132' title='bbox 814 1791 998 1843; x_wconf 82' lang='lat' dir='ltr'><strong>commodabat</strong></span> <span class='ocrx_word' id='word_1_133' title='bbox 1014 1790 1203 1853; x_wconf 86' lang='lat' dir='ltr'><strong>eloquentiam.</strong></span> 
     </span>
     <span class='ocr_line' id='line_1_17' title="bbox 156 1858 1203 1927; baseline 0.005 -22"><span class='ocrx_word' id='word_1_134' title='bbox 156 1858 232 1917; x_wconf 74' lang='lat' dir='ltr'><strong>erod</strong></span> <span class='ocrx_word' id='word_1_135' title='bbox 259 1867 348 1910; x_wconf 91' lang='lat' dir='ltr'><strong>autem</strong></span> <span class='ocrx_word' id='word_1_136' title='bbox 373 1859 549 1910; x_wconf 78' lang='lat' dir='ltr'><strong>casaubonus</strong></span> <span class='ocrx_word' id='word_1_137' title='bbox 566 1858 755 1909; x_wconf 79' lang='lat' dir='ltr'><strong>secundarius</strong></span> <span class='ocrx_word' id='word_1_138' title='bbox 773 1859 939 1920; x_wconf 88' lang='lat' dir='ltr'><strong>comparavit</strong></span> <span class='ocrx_word' id='word_1_139' title='bbox 956 1859 1203 1927; x_wconf 72' lang='lat' dir='ltr'><strong>cumterts‘crius,</strong></span> 
     </span>
     <span class='ocr_line' id='line_1_18' title="bbox 154 1927 1203 1995; baseline 0.002 -18"><span class='ocrx_word' id='word_1_140' title='bbox 154 1927 337 1995; x_wconf 77' lang='lat' dir='ltr'><strong>tepoterics,</strong></span> <span class='ocrx_word' id='word_1_141' title='bbox 366 1929 429 1979; x_wconf 86' lang='lat' dir='ltr'><strong>aliis</strong></span> <span class='ocrx_word' id='word_1_142' title='bbox 452 1928 480 1978; x_wconf 89' lang='lat' dir='ltr'><strong>id</strong></span> <span class='ocrx_word' id='word_1_143' title='bbox 502 1941 605 1994; x_wconf 81' lang='lat' dir='ltr'><strong>genus,</strong></span> <span class='ocrx_word' id='word_1_144' title='bbox 628 1939 705 1991; x_wconf 69' lang='lat' dir='ltr'><strong>quae</strong></span> <span class='ocrx_word' id='word_1_145' title='bbox 723 1936 824 1978; x_wconf 89' lang='lat' dir='ltr'><strong>eertum</strong></span> <span class='ocrx_word' id='word_1_146' title='bbox 843 1929 974 1991; x_wconf 88' lang='lat' dir='ltr'><strong>quendam</strong></span> <span class='ocrx_word' id='word_1_147' title='bbox 992 1929 1110 1978; x_wconf 82' lang='lat' dir='ltr'><strong>ordinem</strong></span> <span class='ocrx_word' id='word_1_148' title='bbox 1132 1930 1203 1979; x_wconf 91' lang='lat' dir='ltr'><strong>indi-</strong></span> 
     </span>
     <span class='ocr_line' id='line_1_19' title="bbox 155 1995 1204 2062; baseline 0.006 -17"><span class='ocrx_word' id='word_1_149' title='bbox 155 2004 234 2047; x_wconf 89' lang='lat' dir='ltr'><strong>caut:</strong></span> <span class='ocrx_word' id='word_1_150' title='bbox 257 2005 389 2060; x_wconf 81' lang='lat' dir='ltr'><strong>repugnat</strong></span> <span class='ocrx_word' id='word_1_151' title='bbox 404 1997 464 2059; x_wconf 89' lang='lat' dir='ltr'><strong>ipse</strong></span> <span class='ocrx_word' id='word_1_152' title='bbox 481 1997 617 2060; x_wconf 85' lang='lat' dir='ltr'><strong>genitivus</strong></span> <span class='ocrx_word' id='word_1_153' title='bbox 634 1995 743 2048; x_wconf 75' lang='lat' dir='ltr'><strong>Crassi.</strong></span> <span class='ocrx_word' id='word_1_154' title='bbox 777 1995 871 2062; x_wconf 86' lang='lat' dir='ltr'><strong>ltaque</strong></span> <span class='ocrx_word' id='word_1_155' title='bbox 888 2009 941 2046; x_wconf 90' lang='lat' dir='ltr'><strong>nou</strong></span> <span class='ocrx_word' id='word_1_156' title='bbox 952 1997 1204 2060; x_wconf 81' lang='lat' dir='ltr'><strong>interpretabimur:</strong></span> 
     </span>
     <span class='ocr_line' id='line_1_20' title="bbox 149 2062 1215 2136; baseline 0.007 -23"><span class='ocrx_word' id='word_1_157' title='bbox 149 2078 190 2118; x_wconf 71' lang='lat' dir='ltr'><strong>,er</strong></span> <span class='ocrx_word' id='word_1_158' title='bbox 213 2076 279 2116; x_wconf 82' lang='lat' dir='ltr'><strong>wer</strong></span> <span class='ocrx_word' id='word_1_159' title='bbox 301 2066 453 2132; x_wconf 71' lang='lat' dir='ltr'><strong>pteiebscm</strong></span> <span class='ocrx_word' id='word_1_160' title='bbox 477 2067 523 2118; x_wconf 82' lang='lat' dir='ltr'><strong>ein</strong></span> <span class='ocrx_word' id='word_1_161' title='bbox 547 2062 661 2118; x_wconf 71' lang='lat' dir='ltr'><strong>litetne‘r</strong></span> <span class='ocrx_word' id='word_1_162' title='bbox 688 2066 827 2136; x_wconf 75' lang='lat' dir='ltr'><strong>orasses,</strong></span> <span class='ocrx_word' id='word_1_163' title='bbox 849 2067 899 2116; x_wconf 88' lang='lat' dir='ltr'><strong>sed</strong></span> <span class='ocrx_word' id='word_1_164' title='bbox 916 2065 1022 2135; x_wconf 89' lang='lat' dir='ltr'><strong>potius,</strong></span> <span class='ocrx_word' id='word_1_165' title='bbox 1049 2078 1083 2120; x_wconf 88' lang='lat' dir='ltr'><strong>er</strong></span> <span class='ocrx_word' id='word_1_166' title='bbox 1099 2068 1215 2133; x_wconf 74' lang='lat' dir='ltr'><strong>spielte,</strong></span> 
     </span>
     <span class='ocr_line' id='line_1_21' title="bbox 155 2135 728 2203; baseline -0.002 -17"><span class='ocrx_word' id='word_1_167' title='bbox 155 2136 282 2203; x_wconf 74' lang='lat' dir='ltr'><strong>festalis</strong></span> <span class='ocrx_word' id='word_1_168' title='bbox 299 2137 398 2198; x_wconf 82' lang='lat' dir='ltr'><strong>Rolle,</strong></span> <span class='ocrx_word' id='word_1_169' title='bbox 424 2136 471 2186; x_wconf 83' lang='lat' dir='ltr'><strong>dte</strong></span> <span class='ocrx_word' id='word_1_170' title='bbox 486 2136 546 2186; x_wconf 79' lang='lat' dir='ltr'><strong>tbm</strong></span> <span class='ocrx_word' id='word_1_171' title='bbox 561 2136 610 2188; x_wconf 77' lang='lat' dir='ltr'><strong>Cr.</strong></span> <span class='ocrx_word' id='word_1_172' title='bbox 628 2135 728 2202; x_wconf 54' lang='lat' dir='ltr'><strong>lissei·</strong></span> 
     </span>
    </p>

    <p class='ocr_par' dir='ltr' id='par_1_6' title="bbox 123 2201 1203 2273">
     <span class='ocr_line' id='line_1_22' title="bbox 123 2201 1203 2273; baseline 0.004 -20"><span class='ocrx_word' id='word_1_173' title='bbox 123 2238 128 2246; x_wconf 50' lang='lat'>=</span> <span class='ocrx_word' id='word_1_174' title='bbox 189 2206 346 2264; x_wconf 81' lang='lat' dir='ltr'><strong>multcnrm]</strong></span> <span class='ocrx_word' id='word_1_175' title='bbox 377 2205 435 2255; x_wconf 81' lang='lat' dir='ltr'><strong>om.</strong></span> <span class='ocrx_word' id='word_1_176' title='bbox 457 2205 508 2255; x_wconf 78' lang='lat' dir='ltr'><strong>Gu.</strong></span> <span class='ocrx_word' id='word_1_177' title='bbox 525 2209 549 2253; x_wconf 91' lang='grc'><strong>2.</strong></span> <span class='ocrx_word' id='word_1_178' title='bbox 572 2206 647 2267; x_wconf 87' lang='lat' dir='ltr'><strong>prob.</strong></span> <span class='ocrx_word' id='word_1_179' title='bbox 668 2206 800 2270; x_wconf 82' lang='lat' dir='ltr'><strong>Gnrtero,</strong></span> <span class='ocrx_word' id='word_1_180' title='bbox 831 2201 1009 2273; x_wconf 83' lang='lat' dir='ltr'><strong>Schneidero,</strong></span> <span class='ocrx_word' id='word_1_181' title='bbox 1040 2203 1115 2255; x_wconf 87' lang='lat' dir='ltr'><strong>aliis.</strong></span> <span class='ocrx_word' id='word_1_182' title='bbox 1148 2205 1203 2257; x_wconf 80' lang='lat' dir='ltr'><strong>Sed</strong></span> 
     </span>
    </p>

    <p class='ocr_par' dir='ltr' id='par_1_7' title="bbox 88 2272 1203 2338">
     <span class='ocr_line' id='line_1_23' title="bbox 88 2272 1203 2338; baseline 0.003 -16"><span class='ocrx_word' id='word_1_183' title='bbox 88 2272 92 2277; x_wconf 86' lang='lat'>&#39;</span> <span class='ocrx_word' id='word_1_184' title='bbox 140 2273 190 2329; x_wconf 58' lang='lat' dir='ltr'><strong>&#39;de</strong></span> <span class='ocrx_word' id='word_1_185' title='bbox 214 2273 347 2324; x_wconf 86' lang='lat' dir='ltr'><strong>industris</strong></span> <span class='ocrx_word' id='word_1_186' title='bbox 369 2274 478 2335; x_wconf 87' lang='lat' dir='ltr'><strong>repetiit</strong></span> <span class='ocrx_word' id='word_1_187' title='bbox 495 2275 658 2324; x_wconf 87' lang='lat' dir='ltr'><strong>vocabulum</strong></span> <span class='ocrx_word' id='word_1_188' title='bbox 675 2273 787 2338; x_wconf 82' lang='lat' dir='ltr'><strong>cicero,</strong></span> <span class='ocrx_word' id='word_1_189' title='bbox 820 2284 871 2337; x_wconf 83' lang='lat' dir='ltr'><strong>quo</strong></span> <span class='ocrx_word' id='word_1_190' title='bbox 896 2274 993 2323; x_wconf 88' lang='lat' dir='ltr'><strong>melius</strong></span> <span class='ocrx_word' id='word_1_191' title='bbox 1018 2273 1094 2323; x_wconf 82' lang='lat' dir='ltr'><strong>Arrii</strong></span> <span class='ocrx_word' id='word_1_192' title='bbox 1116 2274 1203 2325; x_wconf 88' lang='lat' dir='ltr'><strong>ratio-</strong></span> 
     </span>
    </p>

    <p class='ocr_par' dir='ltr' id='par_1_8' title="bbox 127 2338 1249 2413">
     <span class='ocr_line' id='line_1_24' title="bbox 127 2338 1249 2413; baseline 0.004 -23"><span class='ocrx_word' id='word_1_193' title='bbox 127 2386 138 2413; x_wconf 30' lang='lat'><strong>..</strong></span> <span class='ocrx_word' id='word_1_194' title='bbox 154 2353 216 2393; x_wconf 87' lang='lat' dir='ltr'><strong>uem</strong></span> <span class='ocrx_word' id='word_1_195' title='bbox 233 2351 347 2393; x_wconf 84' lang='lat' dir='ltr'><strong>notaret.</strong></span> <span class='ocrx_word' id='word_1_196' title='bbox 382 2343 455 2392; x_wconf 88' lang='lat' dir='ltr'><strong>idem</strong></span> <span class='ocrx_word' id='word_1_197' title='bbox 475 2342 695 2392; x_wconf 81' lang='lat' dir='ltr'><strong>sensitorellius</strong></span> <span class='ocrx_word' id='word_1_198' title='bbox 712 2355 771 2391; x_wconf 91' lang='lat' dir='ltr'><strong>cnm</strong></span> <span class='ocrx_word' id='word_1_199' title='bbox 790 2341 942 2391; x_wconf 78' lang='lat' dir='ltr'><strong>Gebbardtc</strong></span> <span class='ocrx_word' id='word_1_200' title='bbox 959 2357 985 2403; x_wconf 90' lang='lat' dir='ltr'><strong>p.</strong></span> <span class='ocrx_word' id='word_1_201' title='bbox 1000 2342 1043 2391; x_wconf 91' lang='grc'><strong>10.</strong></span> <span class='ocrx_word' id='word_1_202' title='bbox 1078 2344 1120 2391; x_wconf 78' lang='lat' dir='ltr'><strong>Ac</strong></span> <span class='ocrx_word' id='word_1_203' title='bbox 1137 2338 1206 2406; x_wconf 76' lang='lat' dir='ltr'><strong>pcr-¹</strong></span> <span class='ocrx_word' id='word_1_204' title='bbox 1244 2376 1249 2383; x_wconf 87' lang='lat'><em>·</em></span> 
     </span>
    </p>
   </div>
   <div class='ocr_carea' id='block_1_4' title="bbox 156 2409 1294 2481">
    <p class='ocr_par' dir='ltr' id='par_1_9' title="bbox 156 2409 1294 2481">
     <span class='ocr_line' id='line_1_25' title="bbox 156 2409 1294 2481; baseline 0.003 -22"><span class='ocrx_word' id='word_1_205' title='bbox 156 2410 245 2471; x_wconf 84' lang='lat' dir='ltr'><strong>spexit</strong></span> <span class='ocrx_word' id='word_1_206' title='bbox 257 2411 415 2462; x_wconf 86' lang='lat' dir='ltr'><strong>Wetzelius</strong></span> <span class='ocrx_word' id='word_1_207' title='bbox 434 2413 543 2462; x_wconf 81' lang='lat' dir='ltr'><strong>tacitam</strong></span> <span class='ocrx_word' id='word_1_208' title='bbox 561 2419 588 2460; x_wconf 91' lang='lat' dir='ltr'><strong>et</strong></span> <span class='ocrx_word' id='word_1_209' title='bbox 604 2410 764 2461; x_wconf 87' lang='lat' dir='ltr'><strong>invidiosam</strong></span> <span class='ocrx_word' id='word_1_210' title='bbox 777 2421 878 2470; x_wconf 88' lang='lat' dir='ltr'><strong>morum</strong></span> <span class='ocrx_word' id='word_1_211' title='bbox 891 2409 1124 2471; x_wconf 84' lang='lat' dir='ltr'><strong>reprehensionem</strong></span> <span class='ocrx_word' id='word_1_212' title='bbox 1138 2414 1204 2462; x_wconf 87' lang='lat' dir='ltr'><strong>sub·</strong></span> <span class='ocrx_word' id='word_1_213' title='bbox 1289 2466 1294 2481; x_wconf 31' lang='lat'><strong>⁴</strong></span> 
     </span>
    </p>
   </div>
   <div class='ocr_carea' id='block_1_5' title="bbox 157 2472 1207 2683">
    <p class='ocr_par' dir='ltr' id='par_1_10' title="bbox 157 2472 1207 2683">
     <span class='ocr_line' id='line_1_26' title="bbox 157 2472 1207 2545; baseline 0.005 -19"><span class='ocrx_word' id='word_1_214' title='bbox 157 2490 235 2545; x_wconf 72' lang='lat' dir='ltr'><strong>esse:</strong></span> <span class='ocrx_word' id='word_1_215' title='bbox 260 2479 391 2542; x_wconf 85' lang='lat' dir='ltr'><strong>siquidem</strong></span> <span class='ocrx_word' id='word_1_216' title='bbox 408 2482 477 2532; x_wconf 86' lang='lat' dir='ltr'><strong>satis</strong></span> <span class='ocrx_word' id='word_1_217' title='bbox 494 2486 554 2531; x_wconf 82' lang='lat' dir='ltr'><strong>erat</strong></span> <span class='ocrx_word' id='word_1_218' title='bbox 571 2480 672 2530; x_wconf 87' lang='lat' dir='ltr'><strong>oratori</strong></span> <span class='ocrx_word' id='word_1_219' title='bbox 689 2481 799 2530; x_wconf 83' lang='lat' dir='ltr'><strong>honesto</strong></span> <span class='ocrx_word' id='word_1_220' title='bbox 817 2479 931 2531; x_wconf 84' lang='lat' dir='ltr'><strong>alibrum</strong></span> <span class='ocrx_word' id='word_1_221' title='bbox 948 2478 1085 2532; x_wconf 89' lang='lat' dir='ltr'><strong>commoda</strong></span> <span class='ocrx_word' id='word_1_222' title='bbox 1099 2481 1179 2532; x_wconf 86' lang='lat' dir='ltr'><strong>tueri.</strong></span> <span class='ocrx_word' id='word_1_223' title='bbox 1203 2472 1207 2481; x_wconf 82' lang='lat'>&#39;</span> 
     </span>
     <span class='ocr_line' id='line_1_27' title="bbox 191 2547 635 2608; baseline 0.005 -12"><span class='ocrx_word' id='word_1_224' title='bbox 191 2548 311 2608; x_wconf 89' lang='lat' dir='ltr'><strong>servire]</strong></span> <span class='ocrx_word' id='word_1_225' title='bbox 335 2547 481 2602; x_wconf 84' lang='lat' dir='ltr'><strong>inservire</strong></span> <span class='ocrx_word' id='word_1_226' title='bbox 500 2551 540 2599; x_wconf 91' lang='lat' dir='ltr'><strong>ed.</strong></span> <span class='ocrx_word' id='word_1_227' title='bbox 558 2551 635 2600; x_wconf 88' lang='lat' dir='ltr'><strong>Rom.</strong></span> 
     </span>
     <span class='ocr_line' id='line_1_28' title="bbox 178 2615 775 2683; baseline -0.003 -14"><span class='ocrx_word' id='word_1_228' title='bbox 178 2615 252 2669; x_wconf 76' lang='lat' dir='ltr'><strong>&#39;eta</strong></span> <span class='ocrx_word' id='word_1_229' title='bbox 287 2617 466 2683; x_wconf 74' lang='lat' dir='ltr'><strong>abre-sine]</strong></span> <span class='ocrx_word' id='word_1_230' title='bbox 490 2619 657 2675; x_wconf 75' lang='lat' dir='ltr'><strong>sive-stoe</strong></span> <span class='ocrx_word' id='word_1_231' title='bbox 672 2616 715 2669; x_wconf 89' lang='lat' dir='ltr'><strong>ed.</strong></span> <span class='ocrx_word' id='word_1_232' title='bbox 732 2628 775 2681; x_wconf 90' lang='lat' dir='ltr'><strong>pr.</strong></span> 
     </span>
    </p>
   </div>
   <div class='ocr_carea' id='block_1_6' title="bbox 70 2783 1284 4103">
    <p class='ocr_par' dir='ltr' id='par_1_11' title="bbox 119 2783 1206 2928">
     <span class='ocr_line' id='line_1_29' title="bbox 171 2783 1205 2860; baseline 0.001 -18"><span class='ocrx_word' id='word_1_233' title='bbox 171 2790 297 2854; x_wconf 80' lang='lat' dir='ltr'><strong>tempori]</strong></span> <span class='ocrx_word' id='word_1_234' title='bbox 311 2790 443 2846; x_wconf 75' lang='lat' dir='ltr'><strong>burnan:</strong></span> <span class='ocrx_word' id='word_1_235' title='bbox 460 2792 641 2860; x_wconf 82' lang='lat' dir='ltr'><strong>nequissem</strong></span> <span class='ocrx_word' id='word_1_236' title='bbox 682 2787 843 2844; x_wconf 87' lang='lat' dir='ltr'><strong>constitutis.</strong></span> <span class='ocrx_word' id='word_1_237' title='bbox 867 2789 903 2840; x_wconf 85' lang='lat' dir='ltr'><strong>V.</strong></span> <span class='ocrx_word' id='word_1_238' title='bbox 916 2801 940 2841; x_wconf 90' lang='lat' dir='ltr'><strong>e.</strong></span> <span class='ocrx_word' id='word_1_239' title='bbox 952 2783 998 2857; x_wconf 73' lang='grc'><strong>94,</strong></span> <span class='ocrx_word' id='word_1_240' title='bbox 1015 2785 1077 2839; x_wconf 72' lang='grc'><strong>324.</strong></span> <span class='ocrx_word' id='word_1_241' title='bbox 1103 2789 1205 2843; x_wconf 78' lang='lat' dir='ltr'><strong>Asson.</strong></span> 
     </span>
     <span class='ocr_line' id='line_1_30' title="bbox 119 2859 1206 2928; baseline -0.005 -13"><span class='ocrx_word' id='word_1_242' title='bbox 119 2862 282 2915; x_wconf 74' lang='lat' dir='ltr'><strong>Schneidero</strong></span> <span class='ocrx_word' id='word_1_243' title='bbox 293 2865 466 2928; x_wconf 66' lang='lat' dir='ltr'><strong>tumoribus</strong></span> <span class='ocrx_word' id='word_1_244' title='bbox 478 2865 607 2928; x_wconf 82' lang='lat' dir='ltr'><strong>requirat·</strong></span> <span class='ocrx_word' id='word_1_245' title='bbox 681 2861 710 2912; x_wconf 88' lang='lat' dir='ltr'><strong>in</strong></span> <span class='ocrx_word' id='word_1_246' title='bbox 724 2860 815 2913; x_wconf 82' lang='lat' dir='ltr'><strong>Milon.</strong></span> <span class='ocrx_word' id='word_1_247' title='bbox 829 2873 855 2922; x_wconf 81' lang='lat' dir='ltr'><strong>p·</strong></span> <span class='ocrx_word' id='word_1_248' title='bbox 869 2860 912 2911; x_wconf 83' lang='grc'><strong>37.</strong></span> <span class='ocrx_word' id='word_1_249' title='bbox 938 2859 979 2909; x_wconf 87' lang='lat' dir='ltr'><strong>De</strong></span> <span class='ocrx_word' id='word_1_250' title='bbox 991 2861 1085 2911; x_wconf 83' lang='lat' dir='ltr'><strong>eadem</strong></span> <span class='ocrx_word' id='word_1_251' title='bbox 1098 2871 1129 2909; x_wconf 88' lang='lat' dir='ltr'><strong>re</strong></span> <span class='ocrx_word' id='word_1_252' title='bbox 1136 2860 1206 2911; x_wconf 86' lang='lat' dir='ltr'><strong>Dia-</strong></span> 
     </span>
    </p>

    <p class='ocr_par' dir='ltr' id='par_1_12' title="bbox 82 2927 1207 3551">
     <span class='ocr_line' id='line_1_31' title="bbox 172 2927 1205 2996; baseline -0.002 -15"><span class='ocrx_word' id='word_1_253' title='bbox 172 2930 234 2982; x_wconf 82' lang='lat' dir='ltr'><strong>ata.</strong></span> <span class='ocrx_word' id='word_1_254' title='bbox 274 2932 475 2996; x_wconf 81' lang='lat' dir='ltr'><strong>Olympiorum]</strong></span> <span class='ocrx_word' id='word_1_255' title='bbox 510 2933 641 2985; x_wconf 79' lang='lat' dir='ltr'><strong>similiter</strong></span> <span class='ocrx_word' id='word_1_256' title='bbox 682 2931 761 2994; x_wconf 78' lang='lat' dir='ltr'><strong>logus</strong></span> <span class='ocrx_word' id='word_1_257' title='bbox 778 2931 812 2979; x_wconf 88' lang='lat' dir='ltr'><strong>de</strong></span> <span class='ocrx_word' id='word_1_258' title='bbox 831 2929 918 2980; x_wconf 81' lang='lat' dir='ltr'><strong>Oratt.</strong></span> <span class='ocrx_word' id='word_1_259' title='bbox 937 2929 983 2979; x_wconf 82' lang='lat'><strong>38.</strong></span> <span class='ocrx_word' id='word_1_260' title='bbox 1017 2928 1146 2979; x_wconf 73' lang='lat' dir='ltr'><strong>Transeo</strong></span> <span class='ocrx_word' id='word_1_261' title='bbox 1165 2927 1205 2979; x_wconf 75' lang='lat' dir='ltr'><strong>ad</strong></span> 
     </span>
     <span class='ocr_line' id='line_1_32' title="bbox 120 2997 1206 3069; baseline -0.001 -18"><span class='ocrx_word' id='word_1_262' title='bbox 120 3000 215 3051; x_wconf 85' lang='lat' dir='ltr'><strong>lieret.</strong></span> <span class='ocrx_word' id='word_1_263' title='bbox 229 3002 314 3066; x_wconf 82' lang='lat' dir='ltr'><strong>Epist.</strong></span> <span class='ocrx_word' id='word_1_264' title='bbox 335 3001 365 3068; x_wconf 92' lang='lat'><strong>1,</strong></span> <span class='ocrx_word' id='word_1_265' title='bbox 385 3005 416 3069; x_wconf 88' lang='lat'><strong>1,</strong></span> <span class='ocrx_word' id='word_1_266' title='bbox 433 3001 477 3052; x_wconf 77' lang='lat'><strong>49.</strong></span> <span class='ocrx_word' id='word_1_267' title='bbox 501 3004 537 3051; x_wconf 83' lang='lat' dir='ltr'><strong>ei.</strong></span> <span class='ocrx_word' id='word_1_268' title='bbox 558 3014 641 3064; x_wconf 89' lang='lat' dir='ltr'><strong>supra</strong></span> <span class='ocrx_word' id='word_1_269' title='bbox 683 3001 811 3068; x_wconf 72' lang='lat' dir='ltr'><strong>sormam</strong></span> <span class='ocrx_word' id='word_1_270' title='bbox 824 3000 853 3049; x_wconf 85' lang='lat' dir='ltr'><strong>et</strong></span> <span class='ocrx_word' id='word_1_271' title='bbox 873 2997 1106 3049; x_wconf 78' lang='lat' dir='ltr'><strong>consuetudinem</strong></span> <span class='ocrx_word' id='word_1_272' title='bbox 1121 3000 1206 3050; x_wconf 84' lang='lat' dir='ltr'><strong>cete·</strong></span> 
     </span>
     <span class='ocr_line' id='line_1_33' title="bbox 119 3066 1207 3134; baseline -0.001 -16"><span class='ocrx_word' id='word_1_273' title='bbox 119 3081 146 3118; x_wconf 90' lang='lat' dir='ltr'><strong>c.</strong></span> <span class='ocrx_word' id='word_1_274' title='bbox 164 3072 191 3119; x_wconf 88' lang='grc'><strong>9.</strong></span> <span class='ocrx_word' id='word_1_275' title='bbox 227 3071 342 3129; x_wconf 85' lang='lat' dir='ltr'><strong>[Multus</strong></span> <span class='ocrx_word' id='word_1_276' title='bbox 363 3071 392 3120; x_wconf 91' lang='lat' dir='ltr'><strong>in</strong></span> <span class='ocrx_word' id='word_1_277' title='bbox 412 3075 462 3121; x_wconf 88' lang='lat' dir='ltr'><strong>nac</strong></span> <span class='ocrx_word' id='word_1_278' title='bbox 487 3073 574 3134; x_wconf 82' lang='lat' dir='ltr'><strong>figura</strong></span> <span class='ocrx_word' id='word_1_279' title='bbox 597 3078 641 3125; x_wconf 85' lang='lat' dir='ltr'><strong>est</strong></span> <span class='ocrx_word' id='word_1_280' title='bbox 682 3081 750 3120; x_wconf 82' lang='lat' dir='ltr'><strong>ram</strong></span> <span class='ocrx_word' id='word_1_281' title='bbox 766 3068 956 3131; x_wconf 79' lang='lat' dir='ltr'><strong>iudiciorum,</strong></span> <span class='ocrx_word' id='word_1_282' title='bbox 973 3066 1207 3131; x_wconf 76' lang='lat' dir='ltr'><strong>qaaeetsimtnc</strong></span> 
     </span>
     <span class='ocr_line' id='line_1_34' title="bbox 119 3135 1206 3204; baseline -0.002 -15"><span class='ocrx_word' id='word_1_283' title='bbox 119 3138 260 3199; x_wconf 86' lang='lat' dir='ltr'><strong>Epictetus</strong></span> <span class='ocrx_word' id='word_1_284' title='bbox 290 3140 455 3191; x_wconf 78' lang='lat' dir='ltr'><strong>Arrianeus:</strong></span> <span class='ocrx_word' id='word_1_285' title='bbox 489 3142 535 3204; x_wconf 87' lang='lat' dir='ltr'><strong>qui</strong></span> <span class='ocrx_word' id='word_1_286' title='bbox 569 3141 642 3188; x_wconf 85' lang='lat' dir='ltr'><strong>soles</strong></span> <span class='ocrx_word' id='word_1_287' title='bbox 683 3139 783 3203; x_wconf 78' lang='lat' dir='ltr'><strong>optior</strong></span> <span class='ocrx_word' id='word_1_288' title='bbox 796 3135 990 3199; x_wconf 78' lang='lat' dir='ltr'><strong>estvere‘tati,</strong></span> <span class='ocrx_word' id='word_1_289' title='bbox 1013 3137 1206 3201; x_wconf 79' lang='lat' dir='ltr'><strong>eloquentiam</strong></span> 
     </span>
     <span class='ocr_line' id='line_1_35' title="bbox 121 3204 1206 3272; baseline -0.001 -14"><span class='ocrx_word' id='word_1_290' title='bbox 121 3209 296 3269; x_wconf 72' lang='lat' dir='ltr'><strong>olympiacos</strong></span> <span class='ocrx_word' id='word_1_291' title='bbox 346 3217 400 3260; x_wconf 88' lang='lat' dir='ltr'><strong>tam</strong></span> <span class='ocrx_word' id='word_1_292' title='bbox 445 3209 642 3270; x_wconf 87' lang='lat' dir='ltr'><strong>spectatoribus</strong></span> <span class='ocrx_word' id='word_1_293' title='bbox 684 3209 781 3259; x_wconf 68' lang='lat' dir='ltr'><strong>tanuen</strong></span> <span class='ocrx_word' id='word_1_294' title='bbox 801 3207 873 3255; x_wconf 78' lang='lat' dir='ltr'><strong>til-cet</strong></span> <span class='ocrx_word' id='word_1_295' title='bbox 888 3206 987 3272; x_wconf 76' lang='lat' dir='ltr'><strong>forum</strong></span> <span class='ocrx_word' id='word_1_296' title='bbox 1005 3204 1096 3270; x_wconf 66' lang='lat' dir='ltr'><strong>meeis</strong></span> <span class='ocrx_word' id='word_1_297' title='bbox 1114 3218 1206 3257; x_wconf 80' lang='lat' dir='ltr'><strong>ecer-</strong></span> 
     </span>
     <span class='ocr_line' id='line_1_36' title="bbox 120 3273 1205 3341; baseline 0 -15"><span class='ocrx_word' id='word_1_298' title='bbox 120 3289 201 3339; x_wconf 87' lang='lat' dir='ltr'><strong>quam</strong></span> <span class='ocrx_word' id='word_1_299' title='bbox 214 3280 429 3329; x_wconf 85' lang='lat' dir='ltr'><strong>concertantibus</strong></span> <span class='ocrx_word' id='word_1_300' title='bbox 447 3281 586 3329; x_wconf 88' lang='lat' dir='ltr'><strong>admodum</strong></span> <span class='ocrx_word' id='word_1_301' title='bbox 598 3278 642 3327; x_wconf 86' lang='lat' dir='ltr'><strong>in·</strong></span> <span class='ocrx_word' id='word_1_302' title='bbox 683 3277 772 3339; x_wconf 84' lang='lat' dir='ltr'><strong>cebet,</strong></span> <span class='ocrx_word' id='word_1_303' title='bbox 789 3276 821 3323; x_wconf 83' lang='lat' dir='ltr'><strong>in</strong></span> <span class='ocrx_word' id='word_1_304' title='bbox 832 3288 887 3338; x_wconf 83' lang='lat' dir='ltr'><strong>quo</strong></span> <span class='ocrx_word' id='word_1_305' title='bbox 899 3286 981 3324; x_wconf 88' lang='lat' dir='ltr'><strong>nemo</strong></span> <span class='ocrx_word' id='word_1_306' title='bbox 990 3273 1076 3325; x_wconf 68' lang='lat' dir='ltr'><strong>&#39;inmo</strong></span> <span class='ocrx_word' id='word_1_307' title='bbox 1088 3276 1205 3341; x_wconf 67' lang='lat' dir='ltr'><strong>paeme-</strong></span> 
     </span>
     <span class='ocr_line' id='line_1_37' title="bbox 118 3343 1206 3412; baseline -0.002 -15"><span class='ocrx_word' id='word_1_308' title='bbox 118 3348 209 3397; x_wconf 81' lang='lat' dir='ltr'><strong>iestcs</strong></span> <span class='ocrx_word' id='word_1_309' title='bbox 219 3355 327 3408; x_wconf 87' lang='lat' dir='ltr'><strong>praeter</strong></span> <span class='ocrx_word' id='word_1_310' title='bbox 341 3348 396 3398; x_wconf 89' lang='lat' dir='ltr'><strong>alia</strong></span> <span class='ocrx_word' id='word_1_311' title='bbox 408 3349 575 3398; x_wconf 88' lang='lat' dir='ltr'><strong>incommoda</strong></span> <span class='ocrx_word' id='word_1_312' title='bbox 591 3348 642 3397; x_wconf 87' lang='lat' dir='ltr'><strong>de·</strong></span> <span class='ocrx_word' id='word_1_313' title='bbox 682 3347 769 3397; x_wconf 80' lang='lat' dir='ltr'><strong>cintus</strong></span> <span class='ocrx_word' id='word_1_314' title='bbox 783 3343 870 3393; x_wconf 84' lang='lat' dir='ltr'><strong>boras</strong></span> <span class='ocrx_word' id='word_1_315' title='bbox 880 3355 1026 3406; x_wconf 78' lang='lat' dir='ltr'><strong>perorare</strong></span> <span class='ocrx_word' id='word_1_316' title='bbox 1040 3345 1206 3412; x_wconf 68' lang='lat' dir='ltr'><strong>caperetur,</strong></span> 
     </span>
     <span class='ocr_line' id='line_1_38' title="bbox 82 3408 1207 3482; baseline 0.001 -18"><span class='ocrx_word' id='word_1_317' title='bbox 82 3424 86 3439; x_wconf 63' lang='lat'>⁸</span> <span class='ocrx_word' id='word_1_318' title='bbox 119 3416 205 3479; x_wconf 86' lang='lat' dir='ltr'><strong>pingit</strong></span> <span class='ocrx_word' id='word_1_319' title='bbox 226 3417 300 3465; x_wconf 87' lang='lat' dir='ltr'><strong>Diss.</strong></span> <span class='ocrx_word' id='word_1_320' title='bbox 321 3417 350 3482; x_wconf 90' lang='lat'><strong>1,</strong></span> <span class='ocrx_word' id='word_1_321' title='bbox 373 3418 399 3465; x_wconf 84' lang='grc'><strong>6.</strong></span> <span class='ocrx_word' id='word_1_322' title='bbox 433 3417 510 3467; x_wconf 81' lang='lat' dir='ltr'><strong>Adde</strong></span> <span class='ocrx_word' id='word_1_323' title='bbox 526 3417 641 3467; x_wconf 77' lang='lat' dir='ltr'><strong>aristot.</strong></span> <span class='ocrx_word' id='word_1_324' title='bbox 683 3418 714 3467; x_wconf 88' lang='lat' dir='ltr'><strong>et</strong></span> <span class='ocrx_word' id='word_1_325' title='bbox 749 3413 856 3464; x_wconf 79' lang='lat' dir='ltr'><strong>liberae</strong></span> <span class='ocrx_word' id='word_1_326' title='bbox 892 3408 1207 3475; x_wconf 68' lang='lat' dir='ltr'><strong>comperendinationes</strong></span> 
     </span>
     <span class='ocr_line' id='line_1_39' title="bbox 119 3479 1206 3551; baseline -0.001 -15"><span class='ocrx_word' id='word_1_327' title='bbox 119 3485 211 3536; x_wconf 83' lang='lat' dir='ltr'><strong>Probi.</strong></span> <span class='ocrx_word' id='word_1_328' title='bbox 224 3486 274 3548; x_wconf 82' lang='lat'><strong>38,</strong></span> <span class='ocrx_word' id='word_1_329' title='bbox 291 3486 333 3543; x_wconf 84' lang='grc'><strong>6.]</strong></span> <span class='ocrx_word' id='word_1_330' title='bbox 366 3528 369 3533; x_wconf 80' lang='grc'><strong><em>,</em></strong></span> <span class='ocrx_word' id='word_1_331' title='bbox 621 3547 624 3551; x_wconf 21' lang='lat'><strong>⁴</strong></span> <span class='ocrx_word' id='word_1_332' title='bbox 682 3484 788 3549; x_wconf 85' lang='lat' dir='ltr'><strong>erent,</strong></span> <span class='ocrx_word' id='word_1_333' title='bbox 818 3483 849 3534; x_wconf 89' lang='lat' dir='ltr'><strong>et</strong></span> <span class='ocrx_word' id='word_1_334' title='bbox 873 3483 988 3533; x_wconf 80' lang='lat' dir='ltr'><strong>modam</strong></span> <span class='ocrx_word' id='word_1_335' title='bbox 1014 3483 1130 3535; x_wconf 77' lang='lat' dir='ltr'><strong>dicendi</strong></span> <span class='ocrx_word' id='word_1_336' title='bbox 1151 3479 1206 3535; x_wconf 76' lang='lat' dir='ltr'><strong>sibi</strong></span> 
     </span>
    </p>

    <p class='ocr_par' dir='ltr' id='par_1_13' title="bbox 70 3552 1284 4103">
     <span class='ocr_line' id='line_1_40' title="bbox 170 3552 1206 3620; baseline 0 -16"><span class='ocrx_word' id='word_1_337' title='bbox 170 3555 278 3605; x_wconf 87' lang='lat' dir='ltr'><strong>labores</strong></span> <span class='ocrx_word' id='word_1_338' title='bbox 296 3553 422 3616; x_wconf 83' lang='lat' dir='ltr'><strong>magnos]</strong></span> <span class='ocrx_word' id='word_1_339' title='bbox 450 3552 556 3604; x_wconf 83' lang='lat' dir='ltr'><strong>Causas</strong></span> <span class='ocrx_word' id='word_1_340' title='bbox 575 3563 643 3618; x_wconf 81' lang='lat' dir='ltr'><strong>gra·</strong></span> <span class='ocrx_word' id='word_1_341' title='bbox 684 3552 804 3620; x_wconf 69' lang='lat' dir='ltr'><strong>qumque</strong></span> <span class='ocrx_word' id='word_1_342' title='bbox 833 3553 979 3618; x_wconf 78' lang='lat' dir='ltr'><strong>sumeret,</strong></span> <span class='ocrx_word' id='word_1_343' title='bbox 1011 3554 1042 3605; x_wconf 83' lang='lat' dir='ltr'><strong>et</strong></span> <span class='ocrx_word' id='word_1_344' title='bbox 1065 3566 1206 3605; x_wconf 76' lang='lat' dir='ltr'><strong>numerus</strong></span> 
     </span>
     <span class='ocr_line' id='line_1_41' title="bbox 118 3620 1206 3688; baseline 0 -15"><span class='ocrx_word' id='word_1_345' title='bbox 118 3635 180 3673; x_wconf 85' lang='lat' dir='ltr'><strong>res.</strong></span> <span class='ocrx_word' id='word_1_346' title='bbox 228 3664 237 3673; x_wconf 84' lang='lat'><strong><em>.</em></strong></span> <span class='ocrx_word' id='word_1_347' title='bbox 683 3620 895 3686; x_wconf 75' lang='lat' dir='ltr'><strong>nequediercm</strong></span> <span class='ocrx_word' id='word_1_348' title='bbox 906 3632 997 3687; x_wconf 77' lang='lat' dir='ltr'><strong>neque</strong></span> <span class='ocrx_word' id='word_1_349' title='bbox 1008 3624 1206 3688; x_wconf 80' lang='lat' dir='ltr'><strong>patronorum</strong></span> 
     </span>
     <span class='ocr_line' id='line_1_42' title="bbox 169 3687 1205 3758; baseline 0 -17"><span class='ocrx_word' id='word_1_350' title='bbox 169 3689 305 3742; x_wconf 86' lang='lat' dir='ltr'><strong>iudicialis</strong></span> <span class='ocrx_word' id='word_1_351' title='bbox 326 3688 402 3752; x_wconf 91' lang='lat' dir='ltr'><strong>anni]</strong></span> <span class='ocrx_word' id='word_1_352' title='bbox 428 3688 476 3741; x_wconf 74' lang='lat' dir='ltr'><strong>(tn.</strong></span> <span class='ocrx_word' id='word_1_353' title='bbox 498 3687 643 3751; x_wconf 83' lang='lat' dir='ltr'><strong>Pompeius</strong></span> <span class='ocrx_word' id='word_1_354' title='bbox 684 3690 847 3758; x_wconf 77' lang='lat' dir='ltr'><strong>finiebatur.</strong></span> <span class='ocrx_word' id='word_1_355' title='bbox 887 3692 1005 3742; x_wconf 80' lang='lat' dir='ltr'><strong>Primus</strong></span> <span class='ocrx_word' id='word_1_356' title='bbox 1023 3692 1093 3743; x_wconf 83' lang='lat' dir='ltr'><strong>baec</strong></span> <span class='ocrx_word' id='word_1_357' title='bbox 1113 3692 1205 3743; x_wconf 78' lang='lat' dir='ltr'><strong>tertio</strong></span> 
     </span>
     <span class='ocr_line' id='line_1_43' title="bbox 118 3759 1208 3824; baseline 0.002 -13"><span class='ocrx_word' id='word_1_358' title='bbox 118 3761 199 3812; x_wconf 86' lang='lat' dir='ltr'><strong>tertio</strong></span> <span class='ocrx_word' id='word_1_359' title='bbox 213 3762 354 3812; x_wconf 87' lang='lat' dir='ltr'><strong>consulatu</strong></span> <span class='ocrx_word' id='word_1_360' title='bbox 367 3761 459 3811; x_wconf 81' lang='lat' dir='ltr'><strong>a-702.</strong></span> <span class='ocrx_word' id='word_1_361' title='bbox 472 3762 586 3810; x_wconf 85' lang='lat' dir='ltr'><strong>formam</strong></span> <span class='ocrx_word' id='word_1_362' title='bbox 598 3759 643 3808; x_wconf 90' lang='lat' dir='ltr'><strong>iu·</strong></span> <span class='ocrx_word' id='word_1_363' title='bbox 683 3759 1047 3824; x_wconf 57' lang='lat' dir='ltr'><strong>concatenatarum</strong></span> <span class='ocrx_word' id='word_1_364' title='bbox 1061 3760 1208 3813; x_wconf 70' lang='lat' dir='ltr'><strong>ostricurt</strong></span> 
     </span>
     <span class='ocr_line' id='line_1_44' title="bbox 118 3829 1207 3898; baseline -0.002 -17"><span class='ocrx_word' id='word_1_365' title='bbox 118 3830 248 3881; x_wconf 89' lang='lat' dir='ltr'><strong>diciorum</strong></span> <span class='ocrx_word' id='word_1_366' title='bbox 265 3830 304 3880; x_wconf 92' lang='lat' dir='ltr'><strong>ita</strong></span> <span class='ocrx_word' id='word_1_367' title='bbox 323 3831 512 3894; x_wconf 88' lang='lat' dir='ltr'><strong>commutavit,</strong></span> <span class='ocrx_word' id='word_1_368' title='bbox 535 3835 566 3877; x_wconf 91' lang='lat' dir='ltr'><strong>ut</strong></span> <span class='ocrx_word' id='word_1_369' title='bbox 581 3839 641 3877; x_wconf 88' lang='lat' dir='ltr'><strong>mo-</strong></span> <span class='ocrx_word' id='word_1_370' title='bbox 682 3829 873 3896; x_wconf 77' lang='lat' dir='ltr'><strong>imposuitque</strong></span> <span class='ocrx_word' id='word_1_371' title='bbox 901 3829 994 3880; x_wconf 84' lang='lat' dir='ltr'><strong>veluti</strong></span> <span class='ocrx_word' id='word_1_372' title='bbox 1007 3831 1122 3898; x_wconf 26' lang='lat' dir='ltr'><strong>,frenos</strong></span> <span class='ocrx_word' id='word_1_373' title='bbox 1145 3831 1207 3880; x_wconf 86' lang='lat' dir='ltr'><strong>elo-</strong></span> 
     </span>
     <span class='ocr_line' id='line_1_45' title="bbox 118 3898 1284 3966; baseline -0.003 -17"><span class='ocrx_word' id='word_1_374' title='bbox 118 3901 181 3950; x_wconf 90' lang='lat' dir='ltr'><strong>dum</strong></span> <span class='ocrx_word' id='word_1_375' title='bbox 194 3899 300 3949; x_wconf 90' lang='lat' dir='ltr'><strong>dicendi</strong></span> <span class='ocrx_word' id='word_1_376' title='bbox 313 3898 385 3949; x_wconf 89' lang='lat' dir='ltr'><strong>iutra</strong></span> <span class='ocrx_word' id='word_1_377' title='bbox 398 3909 500 3949; x_wconf 88' lang='lat' dir='ltr'><strong>certum</strong></span> <span class='ocrx_word' id='word_1_378' title='bbox 515 3899 642 3950; x_wconf 82' lang='lat' dir='ltr'><strong>botarum</strong></span> <span class='ocrx_word' id='word_1_379' title='bbox 683 3900 826 3966; x_wconf 79' lang='lat' dir='ltr'><strong>quentiae.</strong></span> <span class='ocrx_word' id='word_1_380' title='bbox 853 3899 895 3949; x_wconf 82' lang='lat' dir='ltr'><strong>ci.</strong></span> <span class='ocrx_word' id='word_1_381' title='bbox 911 3898 1013 3961; x_wconf 78' lang='lat' dir='ltr'><strong>Gierig.</strong></span> <span class='ocrx_word' id='word_1_382' title='bbox 1026 3898 1206 3960; x_wconf 76' lang='lat' dir='ltr'><strong>inrumupp.</strong></span> <span class='ocrx_word' id='word_1_383' title='bbox 1282 3915 1284 3919; x_wconf 96' lang='lat'>·</span> 
     </span>
     <span class='ocr_line' id='line_1_46' title="bbox 70 3964 1206 4033; baseline 0 -16"><span class='ocrx_word' id='word_1_384' title='bbox 70 3968 81 3980; x_wconf 68' lang='grc'><strong>“</strong></span> <span class='ocrx_word' id='word_1_385' title='bbox 117 3981 257 4018; x_wconf 88' lang='lat' dir='ltr'><strong>numerum</strong></span> <span class='ocrx_word' id='word_1_386' title='bbox 276 3970 445 4019; x_wconf 84' lang='lat' dir='ltr'><strong>contraheret</strong></span> <span class='ocrx_word' id='word_1_387' title='bbox 451 3980 461 4029; x_wconf 89' lang='lat'>;</span> <span class='ocrx_word' id='word_1_388' title='bbox 492 3977 544 4015; x_wconf 90' lang='lat' dir='ltr'><strong>uno</strong></span> <span class='ocrx_word' id='word_1_389' title='bbox 569 3966 642 4018; x_wconf 84' lang='lat' dir='ltr'><strong>enim</strong></span> <span class='ocrx_word' id='word_1_390' title='bbox 684 3964 857 4033; x_wconf 78' lang='lat' dir='ltr'><strong>11,11,1t.</strong></span> <span class='ocrx_word' id='word_1_391' title='bbox 888 3967 945 4018; x_wconf 86' lang='lat' dir='ltr'><strong>lam</strong></span> <span class='ocrx_word' id='word_1_392' title='bbox 965 3968 1011 4030; x_wconf 85' lang='lat' dir='ltr'><strong>qui</strong></span> <span class='ocrx_word' id='word_1_393' title='bbox 1030 3973 1123 4016; x_wconf 75' lang='lat' dir='ltr'><strong>mutae</strong></span> <span class='ocrx_word' id='word_1_394' title='bbox 1142 3968 1206 4018; x_wconf 86' lang='lat' dir='ltr'><strong>bre-</strong></span> 
     </span>
     <span class='ocr_line' id='line_1_47' title="bbox 117 4034 1205 4103; baseline -0.002 -15"><span class='ocrx_word' id='word_1_395' title='bbox 117 4046 199 4100; x_wconf 86' lang='lat' dir='ltr'><strong>atque</strong></span> <span class='ocrx_word' id='word_1_396' title='bbox 214 4040 307 4088; x_wconf 84' lang='lat' dir='ltr'><strong>eodem</strong></span> <span class='ocrx_word' id='word_1_397' title='bbox 319 4038 362 4087; x_wconf 90' lang='lat' dir='ltr'><strong>die</strong></span> <span class='ocrx_word' id='word_1_398' title='bbox 375 4047 431 4088; x_wconf 86' lang='lat' dir='ltr'><strong>tam</strong></span> <span class='ocrx_word' id='word_1_399' title='bbox 445 4037 479 4087; x_wconf 89' lang='lat' dir='ltr'><strong>ab</strong></span> <span class='ocrx_word' id='word_1_400' title='bbox 496 4042 641 4087; x_wconf 88' lang='lat' dir='ltr'><strong>accusato·</strong></span> <span class='ocrx_word' id='word_1_401' title='bbox 683 4034 764 4087; x_wconf 84' lang='lat' dir='ltr'><strong>vitati</strong></span> <span class='ocrx_word' id='word_1_402' title='bbox 775 4037 910 4086; x_wconf 86' lang='lat' dir='ltr'><strong>nescirent</strong></span> <span class='ocrx_word' id='word_1_403' title='bbox 923 4047 985 4086; x_wconf 84' lang='lat' dir='ltr'><strong>sese</strong></span> <span class='ocrx_word' id='word_1_404' title='bbox 994 4037 1205 4103; x_wconf 89' lang='lat' dir='ltr'><strong>accommodare,</strong></span> 
     </span>
    </p>
   </div>
   <div class='ocr_carea' id='block_1_7' title="bbox 116 4091 1306 4171">
    <p class='ocr_par' dir='ltr' id='par_1_14' title="bbox 116 4091 1306 4171">
     <span class='ocr_line' id='line_1_48' title="bbox 116 4091 1306 4171; baseline 0.001 -16"><span class='ocrx_word' id='word_1_405' title='bbox 116 4119 149 4156; x_wconf 85' lang='lat' dir='ltr'><strong>re</strong></span> <span class='ocrx_word' id='word_1_406' title='bbox 168 4120 247 4168; x_wconf 84' lang='lat' dir='ltr'><strong>quam</strong></span> <span class='ocrx_word' id='word_1_407' title='bbox 266 4108 301 4157; x_wconf 90' lang='lat' dir='ltr'><strong>ab</strong></span> <span class='ocrx_word' id='word_1_408' title='bbox 319 4119 367 4158; x_wconf 84' lang='lat' dir='ltr'><strong>reo</strong></span> <span class='ocrx_word' id='word_1_409' title='bbox 386 4106 507 4169; x_wconf 87' lang='lat' dir='ltr'><strong>perorari</strong></span> <span class='ocrx_word' id='word_1_410' title='bbox 523 4105 641 4171; x_wconf 90' lang='lat' dir='ltr'><strong>iubebat,</strong></span> <span class='ocrx_word' id='word_1_411' title='bbox 684 4118 784 4157; x_wconf 85' lang='lat' dir='ltr'><strong>causas</strong></span> <span class='ocrx_word' id='word_1_412' title='bbox 797 4104 940 4167; x_wconf 84' lang='lat' dir='ltr'><strong>graviores</strong></span> <span class='ocrx_word' id='word_1_413' title='bbox 952 4103 1205 4170; x_wconf 84' lang='lat' dir='ltr'><strong>omuinorelinque-</strong></span> <span class='ocrx_word' id='word_1_414' title='bbox 1297 4091 1306 4113; x_wconf 85' lang='grc'><strong><em>’</em></strong></span> 
     </span>
    </p>
   </div>
   <div class='ocr_carea' id='block_1_8' title="bbox 120 4175 1007 4252">
    <p class='ocr_par' dir='ltr' id='par_1_15' title="bbox 120 4175 1007 4252">
     <span class='ocr_line' id='line_1_49' title="bbox 120 4175 1007 4252; baseline -0.005 -26"><span class='ocrx_word' id='word_1_415' title='bbox 120 4176 189 4226; x_wconf 84' lang='lat' dir='ltr'><strong>binis</strong></span> <span class='ocrx_word' id='word_1_416' title='bbox 204 4176 283 4227; x_wconf 61' lang='lat' dir='ltr'><strong>‘boris</strong></span> <span class='ocrx_word' id='word_1_417' title='bbox 300 4175 469 4240; x_wconf 87' lang='lat' dir='ltr'><strong>accusatori,</strong></span> <span class='ocrx_word' id='word_1_418' title='bbox 492 4175 579 4226; x_wconf 82' lang='lat' dir='ltr'><strong>ternis</strong></span> <span class='ocrx_word' id='word_1_419' title='bbox 592 4185 641 4227; x_wconf 81' lang='lat' dir='ltr'><strong>reo</strong></span> <span class='ocrx_word' id='word_1_420' title='bbox 683 4187 716 4228; x_wconf 84' lang='lat' dir='ltr'><strong>re</strong></span> <span class='ocrx_word' id='word_1_421' title='bbox 726 4176 814 4228; x_wconf 79' lang='lat' dir='ltr'><strong>coacti</strong></span> <span class='ocrx_word' id='word_1_422' title='bbox 826 4181 898 4226; x_wconf 87' lang='lat' dir='ltr'><strong>suut.</strong></span> <span class='ocrx_word' id='word_1_423' title='bbox 1005 4247 1007 4252; x_wconf 10' lang='lat' dir='ltr'>k</span> 
     </span>
    </p>
   </div>
   <div class='ocr_carea' id='block_1_9' title="bbox 837 4378 890 4424">
    <p class='ocr_par' dir='ltr' id='par_1_16' title="bbox 837 4378 890 4424">
     <span class='ocr_line' id='line_1_50' title="bbox 837 4378 890 4424; baseline 0 -18"><span class='ocrx_word' id='word_1_424' title='bbox 837 4416 842 4424; x_wconf 74' lang='lat'><strong>,</strong></span> <span class='ocrx_word' id='word_1_425' title='bbox 883 4378 890 4406; x_wconf 75' lang='lat' dir='ltr'><strong>l</strong></span> 
     </span>
    </p>
   </div>
   <div class='ocr_carea' id='block_1_10' title="bbox 0 0 1342 4748">
    <p class='ocr_par' dir='ltr' id='par_1_17' title="bbox 0 0 1342 4748">
     <span class='ocr_line' id='line_1_51' title="bbox 0 0 1342 4748; baseline 0 0"><span class='ocrx_word' id='word_1_426' title='bbox 0 0 1342 4748; x_wconf 95' lang='lat' dir='ltr'><strong> </strong></span> 
     </span>
    </p>
   </div>
  </div>
 </body>
</html>
