2676 4748
159 308 228 383 us
311 402 314 409 ⁸
584 304 828 379 taurus.

101 514 105 525 ¹
164 502 265 565 erent
283 500 516 586 praestantes,
541 493 717 566 videretur
732 517 810 565 essa
836 493 1005 580 nterim·
1036 517 1110 563 cum
1137 492 1287 571 eutom'¹

166 586 281 676 ipsam
311 583 448 651 audires
468 586 543 653 sine
557 586 828 675 temperatione,
854 590 929 651 'non
951 582 1050 653 modo
1073 592 1254 653 contentus

167 694 283 754 esses,
304 670 364 739 sed
382 671 504 739 melius
519 693 586 741 nott
624 694 795 742 uaemres.
838 675 914 743 135.
937 669 983 759 Q.
1001 672 1162 739 Metellus
1176 672 1254 741 Nu·

166 758 313 829 milliens
325 768 362 825 et
380 762 455 827 eius
465 761 595 847 collega
646 760 811 829 .Silanus
826 760 982 827 dicebant
995 760 1037 826 de
1056 759 1255 848 republica,

167 846 261 938 qued
275 852 368 914 meet
382 848 454 915 illis
468 848 552 915 viris
564 857 600 915 et
614 850 785 915 consulari
798 847 958 934 dignitati
973 849 1071 916 setis.
1116 847 1164 915 Μ.
1176 848 1254 915 An·

167 936 276 1005 nlius
291 934 440 1003 Scaurus
458 957 523 1003 non
537 958 639 1025 saepe
652 935 801 1018 dicabat,
823 936 887 1003 sed
900 937 1025 1025 polita3
1053 935 1175 1040 Latine
1197 956 1255 1003 ve·

168 1023 1256 1199 iill'liiiiililiiilllizillilliiilillr

169 1198 208 1267 ia
217 1221 358 1268 numero
372 1205 426 1267 ost
440 1200 577 1268 habitus
591 1198 811 1272 disertorum.
855 1199 900 1289 Q.
916 1199 1017 1266 aliern
1030 1197 1175 1288 Caepio,
1201 1199 1257 1268 vir

204 1352 271 1395 eum
287 1341 314 1393 it
331 1344 486 1415 quosdam,
509 1343 639 1398 miseram
653 1342 680 1396 is
695 1343 799 1396 extudit
815 1343 1025 1410 correctionem,
1042 1343 1077 1394 ut
1092 1341 1120 1393 sl
1136 1355 1203 1395 cum
1217 1342 1256 1395 iit

190 1412 336 1466 metirer.
375 1412 473 1465 cicero
493 1421 584 1467 tamen
605 1426 659 1465 non
680 1416 748 1467 adeo
771 1414 914 1481 magnifice
940 1413 1027 1462 sensit
1049 1414 1083 1462 de
1101 1414 1256 1465 oretoribns

203 1482 315 1535 illorum
336 1489 502 1551 temporum,
534 1495 605 1549 quae
621 1485 694 1535 inter
710 1483 862 1535 Graecinum
879 1491 908 1533 et
924 1480 1055 1533 crassum
1073 1489 1152 1534 erant
1167 1482 1257 1533 inter·

206 1550 296 1614 Ικιις
317 1553 440 1616 ιιιίιιιιιο
461 1552 553 1603 visunt
573 1559 605 1603 nt
625 1554 749 1604 delectus
767 1552 945 1615 quorumlibet
960 1553 995 1601 de
1014 1552 1257 1613 praestantioribus

205 1628 353 1687 ageretur,
370 1620 395 1671 si
411 1621 518 1686 quidem
535 1622 648 1675 cetnlns
665 1623 775 1673 deberet
791 1622 821 1671 iu
837 1622 1034 1671 contentionem
1053 1622 1184 1681 noceri}

240 1701 295 1739 non
310 1692 388 1741 medo
405 1694 562 1753 contentus]
582 1704 641 1743 oon
656 1691 740 1744 eredo
757 1703 791 1743 eo
807 1691 960 1743 contentos
977 1690 1072 1741 hamb.
1105 1689 1157 1741 cul
1173 1696 1258 1755 repu-

138 1778 145 1787 ·
206 1766 274 1825 gunt
290 1760 401 1812 melius.

132 1944 142 1967 -.-
223 1894 284 1948 165.
317 1898 351 1958 ο.
372 1896 500 1949 Metellus
520 1895 694 1959 Numidicus]
734 1893 837 1950 6655.
853 1895 923 1948 liam
936 1896 1208 1960 praetoritorum
1227 1894 1257 1949 iu

171 1962 204 2016 is
223 1966 382 2017 adolescens
396 1968 509 2018 Athenis
527 1967 696 2020 carneadem
734 1978 853 2018 censura
862 1973 972 2029 putatur
984 1967 1018 2016 ad
1032 1967 1258 2028 populumdedu·

162 2046 267 2099 usonem
292 2037 405 2088 audivit.
444 2036 607 2088 Praetura.
631 2033 695 2088 sta.
735 2036 829 2086 cendia
859 2035 989 2084 uxoriam
1012 2035 1157 2099 debuisse,
1188 2038 1258 2087 nane

170 2104 266 2165 (117.)
312 2104 378 2155 Cum
402 2106 571 2167 provinciam
601 2105 695 2155 neseio
734 2103 920 2154 verisimiliter
933 2104 960 2153 in
973 2115 999 2153 o.
1014 2106 1057 2169 tt,
1071 2106 1117 2157 81.
1142 2105 1257 2155 Metello

173 2184 254 2237 qnam
268 2175 494 2242 administrasset,
512 2188 547 2226 ea
561 2175 694 2225 decedens
735 2173 909 2224 Macedonico
933 2173 1101 2224 tribuendam
1121 2173 1258 2224 duximus.

171 2239 383 2304 tepetnndprntit
394 2245 560 2307 postulatum
576 2244 625 2295 sed
635 2251 696 2295 sta-
736 2241 876 2305 [ceterum
890 2250 952 2291 sunt
966 2242 1011 2304 qul
1024 2244 1155 2292 mirentur
1166 2243 1259 2294 virum

171 2306 441 2363 melsolutusest.
475 2312 577 2364 consul
594 2326 619 2365 a.
632 2309 705 2363 645.’
736 2312 809 2363 luter
832 2312 1028 2362 disertissimos
1052 2312 1171 2363 demtum
1191 2320 1259 2366 ete

172 2379 275 2449 bellum
288 2382 456 2433 Numidicum
468 2383 610 2446 praeclare
628 2394 694 2445 ges-
735 2381 872 2432 Frontone
895 2395 922 2444 p.
935 2381 979 2433 46.
1004 2382 1089 2432 elatis
1105 2380 1259 2431 nominibus

172 2448 226 2513 eleg
247 2452 316 2515 qunti
329 2465 390 2502 cnm
402 2452 482 2502 nimis
495 2452 602 2503 trahere
614 2452 695 2501 vide-
734 2451 885 2502 immixtum
905 2451 1032 2502 laudibus
1046 2450 1120 2502 alnei
1135 2459 1190 2501 tam
1205 2451 1259 2502 iri·

173 2527 265 2581 retur,
300 2519 330 2572 (i.
356 2522 444 2572 llario
465 2522 558 2585 legato
581 2532 608 2573 a·
631 2519 694 2573 647.
735 2521 807 2585 gidis
820 2520 1002 2584 comminuit,
1022 2520 1260 2571 utuiiilierelle-

170 2589 312 2641 exereitus
325 2603 342 2641 s
353 2592 451 2653 nennio
463 2592 587 2641 traditur.
621 2589 695 2640 cen-
736 2592 819 2640 telins
830 2601 848 2640 a
859 2589 974 2639 Domitio
982 2589 1260 2654 distinguatnr‚quern

169 2669 222 2727 eor
236 2658 330 2709 aem.
347 2659 695 2721 intemeratarum·
736 2666 816 2708 extra
835 2658 923 2709 locum
944 2660 1062 2708 oratoris
1081 2660 1260 2725 magistratus

172 2727 294 2793 puleium
314 2729 486 2779 Saturninum
504 2729 640 2778 tribunum
656 2727 694 2789 pl.
735 2738 880 2790 personam
899 2735 927 2777 et
947 2730 1119 2780 consularem
1140 2729 1261 2793 dignita·

172 2804 203 2847 et
214 2796 359 2847 tervilium
371 2798 521 2848 Glauciam.
539 2793 695 2847 mdaoen.
737 2804 792 2846 tem
811 2797 881 2847 satis
903 2809 967 2846 esse
986 2798 1081 2848 tultum
1096 2799 1200 2850 scribat
1211 2798 1260 2851 Oi·

172 2867 403 2917 eumsaturninus
418 2866 515 2917 iterum
528 2866 650 2915 tribunus
657 2864 695 2926 pi.
737 2875 802 2915 cero
819 2877 845 2915 c·
858 2862 904 2916 45.
937 2866 992 2919 Sed
1010 2868 1134 2918 desinent
1153 2867 1259 2933 mirari,

172 2936 266 2987 iaetus
281 2944 373 3002 esset,
398 2935 526 2986 Meteilus
545 2942 609 2985 tunc
622 2933 695 2995 opti-
736 2934 761 2984 si
776 2934 914 2998 specimen
928 2936 1098 2998 eloquentiae
1112 2950 1180 2989 sane
1194 2940 1260 2988 iror-

172 3003 286 3057 mettun
298 3004 425 3067 princeps
438 3004 467 3054 in
480 3010 557 3056 tanto
574 3002 696 3066 pericula
736 3004 823 3055 nidum
848 3011 876 3053 et
899 3016 1040 3069 exsangue
1070 3008 1159 3057 velint
1186 3007 1259 3071 apud

173 3072 285 3139 incinit,
316 3081 346 3125 ut
375 3073 487 3126 exilium
511 3072 695 3125 voluntarium
737 3074 809 3124 Geli.
823 3073 896 3138 Xll,
913 3075 940 3124 0.
957 3073 1073 3143 intueri,
1096 3076 1126 3127 in
1142 3089 1196 3140 quo
1210 3087 1258 3127 so-

173 3142 248 3195 ltelio
263 3143 340 3195 cirili
353 3144 513 3207 praeterret.
548 3141 694 3195 Saturnino
735 3143 1053 3206 dalemnrchiuapoetee
1065 3148 1108 3206 (v.
1117 3157 1167 3210 pro
1175 3146 1259 3199 Arei.

172 3210 320 3265 interiecto
339 3214 482 3265 restitutus
507 3224 533 3263 a.
552 3208 614 3263 655.
647 3224 697 3273 per
737 3212 974 3277 monuerimus]

169 3278 290 3333 iusidias
303 3282 436 3339 occubuit.
449 3280 695 3343 Ano.variussn-
786 3283 825 3332 tt.
843 3282 967 3343 silanus]
990 3283 1027 3333 nl.
1039 3280 1133 3333 lnnlns
1147 3281 1259 3335 silenm

170 3352 316 3401 eradensis
341 3347 473 3415 llylsrida'
495 3362 601 3402 veneno
633 3362 695 3400 euru
736 3352 832 3401 consul
843 3364 870 3401 a.
878 3346 939 3403 645.
946 3354 1021 3418 tnela
1033 3353 1169 3402 adversus
1181 3352 1259 3403 cim-

171 3418 296 3486 necant,
323 3419 456 3473 incertum
478 3429 530 3471 eet.
564 3421 601 3471 V.
620 3418 696 3471 Dru·
736 3422 801 3472 uros
817 3422 949 3484 pugnavit
956 3435 966 3486 ς
995 3433 1075 3491 quam
1094 3422 1259 3483 elnensem

170 3496 264 3539 naum
281 3490 312 3539 7.
325 3488 363 3540 11.
385 3505 412 3554 p.
425 3493 469 3542 67.
492 3497 521 3539 et
542 3491 694 3544 westerm.
737 3488 1260 3543 cn.Domitiusdlrenobsritustribnuns

174 3568 203 3623 p,
225 3555 288 3608 tot.
321 3556 392 3609 lluie
415 3572 466 3623 per
495 3567 578 3611 totam
608 3559 694 3611 vitatu
737 3561 816 3625 pia.
829 3559 891 3611 650.
909 3573 971 3613 eum
984 3562 1018 3613 ad
1032 3560 1158 3622 populum
1172 3572 1260 3612 accu-

172 3637 236 3679 estm
248 3625 399 3679 metuit
414 3629 558 3679 contentio.
591 3628 694 3681 Extant
736 3636 795 3696 set,
813 3630 926 3681 trustra.
951 3631 989 3681 V.
1003 3628 1259 3682 Assoninsiucor·

169 3694 327 3759 ingruente
340 3703 466 3760 quattuor
480 3698 645 3749 orationum:
663 3711 692 3747 v.
734 3699 833 3751 nelitn.
851 3712 877 3760 p.
889 3700 935 3753 60.

171 3761 284 3830 urm.
296 3764 384 3817 orant.
398 3768 493 3827 pide.
502 3780 543 3831 sq.
560 3766 603 3814 ’1.
621 3767 693 3819 ora·
786 3770 823 3818 ll.
846 3768 976 3818 Aurelius
996 3769 1131 3833 scaurus]
1154 3767 1249 3823 cosa

172 3832 275 3889 ssduum
298 3834 328 3885 iu
351 3834 495 3887 Valerium
523 3836 691 3887 Messallam·
730 3835 795 3889 646.
831 3837 873 3886 Ad
894 3851 956 3889 eum
979 3843 1086 3902 spectat
1111 3837 1204 3889 Diuln.
1228 3837 1258 3889 in

168 3905 199 3955 2
216 3902 354 3956 oratioms
371 3902 401 3955 in
417 3916 472 3969 qua
483 3904 555 3967 apud
566 3905 692 3967 populum
734 3904 835 3959 csecil.
851 3909 893 3958 lt).

171 3970 205 4025 0.
218 3971 486 4029 manitioninetsno
497 3973 604 4024 tritum
615 3974 652 4036 pl.
665 3986 693 4027 a.
786 3978 821 4026 A.
832 3977 944 4035 Albino]
968 3975 993 4025 A
1008 3973 1164 4027 Postumius
1176 3973 1259 4027 alni-

171 4037 234 4093 644.
256 4042 403 4106 respondit
449 4047 477 4095 6.
502 4042 641 4095 orationis
659 4043 693 4093 de
733 4056 787 4096 nus
801 4043 865 4095 cos.
878 4057 904 4096 a.
917 4042 979 4096 655.

172 4109 307 4175 tsmmplo
326 4123 377 4165 suo
393 4124 420 4164 a.
436 4109 497 4165 647.
514 4111 631 4164 ianime.
666 4108 694 4163 4.
788 4115 819 4173 0.
831 4113 946 4176 caepio]
968 4115 999 4175 0.
1009 4111 1145 4167 Servilius
1157 4111 1259 4176 Caepio
1320 4168 1326 4185 .

172 4178 311 4235 orationis
321 4189 384 4249 post
395 4181 509 4235 reditum
520 4180 556 4234 ati
567 4181 694 4247 populum
737 4183 833 4236 consui
847 4196 875 4235 a.
889 4182 1050 4245 6161166)
1067 4185 1156 4249 legem
1167 4184 1201 4234 ds
1214 4183 1259 4245 ip·
