2676 4748
600 322 685 416 Cep·
706 326 743 398 80
780 370 784 377 -
1170 322 1217 392 26

125 513 398 604 scripsit-muita
418 513 612 603 praeclaro,
638 522 674 579 et
696 511 812 580 docuit
832 510 938 578 aliosi
965 515 1002 576 et
1016 516 1217 578 camdotsra
1275 498 1284 507 ’

124 592 252 673 meiiirs
267 625 368 689 quam
383 602 595 689 superiores,
616 607 688 666 tum
703 602 835 688 primus
848 599 1038 680 intellexit,
1059 599 1161 664 etiam
1180 600 1218 665 in
1274 604 1277 609 '

124 694 241 761 soluta
262 691 433 769 oratione,
457 687 535 753 dum
550 710 683 754 vorsum
697 687 880 772 effugeres,
902 685 1036 752 modum
1053 692 1166 752 tamen
1181 690 1219 752 et

126 799 306 848 numerum
316 775 645 864 quendamoportece
657 776 798 843 servari.
840 777 896 844 33.
918 773 1013 840 Ante
1026 774 1112 839 hunc
1129 774 1218 840 euim
1270 806 1280 821 ·

125 867 309 937 verborum
333 864 432 951 quasi
452 872 623 929 structura
644 870 679 928 et
699 860 863 949 quaedam
880 859 924 926 ad
944 882 1119 928 numerum
1139 883 1219 927 oon-

127 954 239 1023 clusio
253 953 347 1018 nnila
361 958 451 1031 erat3
481 957 551 1030 aut,
567 951 599 1016 si
614 950 746 1037 quaudo
761 957 846 1028 erat,
862 970 927 1013 nou
944 949 1129 1037 apparebat
1143 966 1218 1015 eam

128 1030 248 1123 dedita
269 1061 373 1128 opera
395 1057 470 1103 esse
484 1039 690 1125 quaesitam:
719 1058 805 1124 quae
818 1036 961 1101 forsitan
977 1040 1053 1103 laus
1068 1037 1133 1118 sit3
1161 1044 1220 1103 ve·'

97 1136 105 1143 ’
128 1136 322 1211 rnmtamen
343 1134 466 1191 nature
484 1127 592 1211 magis
613 1133 685 1190 tum
708 1144 855 1211 casuque
870 1145 1102 1210 nonnunquam
1116 1146 1218 1211 quam

130 1225 192 1283 aut
204 1217 337 1281 ratione
352 1215 466 1299 aliqua
481 1223 541 1278 aut
557 1212 788 1279 observatione
801 1210 915 1278 fiebat.
956 1213 1012 1278 34.
1034 1208 1115 1299 Ipsa
1132 1213 1221 1279 enim

129 1312 267 1373 natura-
280 1301 591 1388 circumscriptione
609 1299 752 1386 quadam
773 1298 950 1365 verborum
968 1297 1222 1386 comprehendit

136 1388 377 1476 concluditque
398 1389 616 1453 sententiamt
643 1409 729 1473 quae
752 1407 827 1451 eum
842 1387 932 1474 aptis
946 1386 1129 1451 constricta
1143 1408 1221 1452 rer·

132 1479 186 1545 iris
201 1484 280 1557 est,
294 1475 387 1540 cadit
401 1477 502 1540 etiam
518 1477 716 1562 plerumque
734 1480 923 1540 numerose.
966 1494 1042 1538 nam
1064 1481 1099 1538 et
1119 1494 1223 1555 aures

132 1566 252 1653 ipsae,
278 1560 361 1647 quid
382 1562 536 1648 plenum,
558 1559 641 1647 quid
661 1563 758 1626 inane
773 1560 837 1640 sit,
857 1558 1025 1639 indicant,
1045 1567 1079 1624 et
1095 1560 1223 1648 spiritu

133 1652 233 1743 qnasi
253 1649 457 1729 necessitate
481 1649 594 1734 aliqua
608 1649 785 1727 verborum
798 1646 1049 1735 comprehensio
1061 1650 1223 1714 terminas
1293 1679 1296 1683 ·

166 1800 223 1852 Sed
243 1806 384 1861 poetarum
402 1797 562 1848 mentionem
584 1798 617 1848 eb
636 1799 687 1847 hoc
704 1798 764 1848 loco
778 1794 891 1863 prorsus
905 1794 1022 1848 alienam
1035 1806 1099 1847 esse
1111 1799 1222 1849 demon-

155 1869 273 1929 stravit
283 1868 459 1923 Riihnirenius
474 1868 545 1917 iiist.
562 1865 627 1933 Crit.
642 1869 728 1931 Oratt.
746 1870 772 1929 p.
788 1854 876 1916 [ΧΠ.
894 1864 1052 1918 ciceronem
1065 1870 1160 1920 contra
1172 1870 1223 1917 do-

137 1936 141 1941 '
168 1942 255 2002 cers,
274 1938 344 2000 quod
359 1949 394 1985 ex
405 1929 519 1986 historie
532 1932 652 2003 constet,
671 1934 820 1987 Isocratem
834 1946 869 1986 ee
880 1934 1005 1987 floruisse
1018 1937 1122 2006 glorie,
1142 1949 1223 2002 quam

168 2017 249 2059 nemo
263 2006 371 2069 quidem
383 2006 515 2073 magister
526 2005 639 2055 dicendi.
647 2013 742 2067 postea
755 2005 793 2053 eit
804 2006 975 2054 consecutus.
1023 2040 1026 2045 .

167 2072 171 2079 '
203 2078 249 2125 36.
286 2074 399 2134 [dedita
412 2085 502 2137 opera
515 2074 569 2123 tuit
586 2086 647 2123 eum
661 2074 840 2124 Schneidorus
852 2073 1009 2138 damnaret,
1030 2073 1061 2125 ut
1073 2074 1144 2136 quod
1156 2086 1224 2127 con-

136 2144 141 2155 '
171 2142 306 2195 tineretur
324 2144 406 2193 verbo
428 2142 597 2208 quaesitam.
632 2144 764 2193 Nimirum
785 2143 857 2191 huic.
868 2142 1002 2192 tribuebat
1014 2143 1148 2201 notionem
1161 2152 1225 2195 ten-

138 2210 141 2217 '
169 2212 262 2277 tandi,
285 2216 346 2262 cuin
364 2212 474 2262 deberet
488 2212 668 2274 significatum
681 2210 837 2263 elatiorandi
849 2210 1059 2277 cmrdciendique
1073 2224 1140 2265 cure
1153 2214 1224 2265 soii·
1253 2250 1262 2265 .

170 2283 245 2335 cite:
273 2295 353 2347 quern
373 2280 451 2330 vocis
473 2282 665 2345 proprietatem
682 2280 832 2331 illustravit
850 2278 968 2329 Bro'ulrh.
986 2279 1014 2329 in
1029 2281 1153 2345 Propert.
1167 2280 1221 2345 ΙΙΙ,

138 2348 146 2377 ³
171 2352 218 2417 16,
237 2348 264 2400 5.
285 2350 379 2412 ltaque
394 2340 506 2400 Tacitus
519 2351 586 2413 dixit
599 2351 720 2401 toditem
733 2348 847 2415 quaeri,
860 2351 923 2411 icc.
933 2349 1074 2416 solicitari,
1091 2345 1224 2417 A.1,69.]'

138 2430 147 2437 ·
206 2426 430 2471 verumtamen·
440 2416 535 2486 fiebat]
554 2417 599 2481 Sic
613 2421 655 2483 ed.
667 2434 708 2483 pr.
721 2420 920 2469 verumtamen
935 2420 1045 2469 natura
1055 2419 1147 2487 mepte
1161 2423 1225 2472 tum

139 2488 299 2624 'm
309 2501 542 2608 ιιιῖοιιιιηιιιιᾳιιαιιι,Ι
551 2487 638 2565 ΙΙιαιιιῐ
648 2488 766 2542 ratione
777 2488 876 2554 etqua
888 2488 941 2538 aut
952 2478 1225 2545 cinomanorum

139 2566 148 2575 ·
196 2568 212 2609 e
298 2573 315 2608 u
336 2570 353 2608 n
373 2570 396 2607 s.

142 2678 148 2715 ἵ
189 2672 456 2743 primus-intellexit]
479 2678 616 2733 Isocrates
629 2680 662 2730 d's
704 2677 862 2743 positionem
898 2676 1044 2731 Verborum
1081 2673 1227 2739 (aevom

136 2760 250 2801 numero
267 2750 386 2800 oratorio
404 2760 551 2815 praecepta
562 2751 663 2814 primm
703 2744 880 2815 ὅνὸμᾶτων),
903 2761 974 2811 quae
997 2748 1122 2801 ciceroni
1144 2752 1229 2817 quast

138 2816 259 2871 nsunt.
296 2819 662 2887 meriquierire,sterea1-
703 2821 860 2876 structura
889 2815 995 2869 nacitur.
1046 2820 1116 2871 nam
1147 2822 1228 2874 riam
1318 2812 1321 2817 '

139 2900 215 2955 mus,
239 2883 342 2953 Time
354 2883 516 2958 ῥητορικήνε
536 2890 615 2938 cuius
627 2900 662 2938 ex
705 2889 756 2939 ruit
768 2888 875 2938 iliorum
888 2889 1033 2951 temporum
1047 2887 1195 2953 sequens}

139 2968 174 3009 cs
186 2962 279 3024 parte,
294 2968 374 3020 quam
381 2957 475 3007 Cicero
488 2957 663 3023 significavit,
757 2955 802 3007 34.
836 2957 1084 3019 circumscriptione
1099 2960 1228 3022 quadam]

137 3026 227 3089 ipsam
247 3025 377 3076 isocratis
395 3027 544 3076 orationem
565 3026 664 3077 Gracci
705 3027 771 3088 Ipsa
783 3034 880 3077 natura
891 3027 1075 3077 intracertum
1082 3030 1229 3083 verborum

139 3095 448 3161 itirctoresservarunt,
472 3098 549 3144 volnt
564 3096 663 3145 1666-
705 3096 1012 3146 rrumerumsementiam
1022 3097 1151 3148 includit:
1168 3100 1229 3163 spi-

119 3163 242 3214 ,eeitota
268 3164 301 3211 '1⁸⁸
315 3163 365 3213 VI.
389 3178 415 3225 p.
431 3161 489 3213 166.
514 3157 580 3218 ὅλως
599 3157 667 3215 ted
705 3164 773 3214 ritus
781 3165 852 3213 enirn
862 3166 890 3214 in
901 3165 1229 3219 induitumvoi'vertver.
1299 3184 1308 3195 ·-

139 3226 220 3299 λόγος
230 3224 272 3297 pti
289 3226 368 3298 λόγος
387 3230 471 3284 ἔστω·
498 3228 582 3317 §appe
594 3227 663 3314 peip·
705 3233 741 3307 ba
758 3236 812 3282 non
831 3234 946 3313 patitur,
971 3236 1019 3314 sed
1032 3236 1229 3316 1666661661ιῦ-

138 3295 572 3436 sentententia
595 3316 664 3433 itt.
705 3302 772 3432 aa
787 3304 1230 3445 ⁰v⁰dita⁰i⁰t¹ii¹¹tiititi¹³a

139 3432 212 3506 βικᾷ
222 3432 348 3501 μάλιστα
366 3430 386 3501 ἢ
405 3433 548 3504 τροχαῖκῷ.
582 3438 624 3489 Cf.
640 3452 664 3490 c.
706 3438 819 3503 spiritus
832 3440 1229 3504 laborabitautplencdeticict.

140 3503 377 3557 castoream.
394 3507 451 3567 tt]
759 3510 1034 3570 cedia-numerose]
1064 3511 1230 3568 Numerus

189 3578 236 3627 es.
255 3576 341 3634 [Anto
350 3575 458 3624 imuc-
466 3575 619 3634 nuiiaeret]
632 3574 665 3625 ln
708 3578 811 3628 cudere
824 3577 922 3629 dieitur
934 3579 1037 3647 oratio,
1055 3581 1080 3630 si
1093 3582 1122 3632 in
1135 3590 1230 3634 extre·

139 3644 191 3693 in
211 3644 315 3707 genere
339 3642 486 3705 principem
509 3644 666 3694 inveniendi
706 3647 1138 3702 misverbisnumernssentitnr:
1152 3654 1231 3704 reiut

140 3712 230 3763 russo
241 3712 489 3777 Thrasymachum,
507 3726 586 3777 quem
602 3711 666 3764 Iso·-
707 3718 794 3767 verba
812 3717 842 3766 in
860 3717 987 3779 syllabas
1005 3719 1102 3783 longas
1119 3722 1228 3790 cadunt,

140 3786 233 3833 crates
251 3781 435 3848 moderatione
453 3782 566 3847 vicerit,
590 3789 665 3831 recte
707 3784 732 3833 si
745 3793 883 3836 extremae
894 3798 985 3836 corum
996 3789 1122 3851 syllabae
1131 3790 1230 3855 longas

139 3850 259 3913 peditur
275 3848 351 3901 Orat·
366 3852 409 3899 13.
427 3848 472 3900 5².
505 3851 563 3900 Nec
577 3851 666 3901 minus
709 3863 786 3921 sunt,
801 3862 832 3905 ut
849 3855 877 3904 in
891 3858 1009 3918 spondeo
1020 3865 1048 3906 et
1060 3858 1156 3908 ianoe.
1191 3860 1230 3913 V.
1305 3892 1308 3896 -

141 3916 208 3971 iilud
219 3929 273 3983 pro
285 3930 353 3969 vero
366 3920 523 3986 habendum,
534 3920 667 3971 nerninem
707 3924 815 3974 Ernesti
827 3925 894 3973 hex.
910 3926 1008 3977 'decim
1020 3940 1048 3974 v.
1064 3928 1180 3979 cadere.

142 3984 423 4055 pressescriptorem,
435 3997 667 4053 autequamprae-
760 3995 974 4056 comprehensio]
1000 3995 1029 4045 6.
1047 3995 1174 4064 a7,1to.
1197 3993 1231 4050 tto

83 4106 85 4113 ,
142 4064 221 4121 cepte
238 4058 374 4121 quaedem
392 4057 420 4106 in
437 4057 505 4108 artis
524 4058 667 4111 formidem
707 4062 804 4113 uerbis
817 4065 847 4112 et
859 4062 996 4127 stipendis
1009 4066 1040 4115 et
1056 4066 1230 4118 collocandis
1315 4080 1320 4085 ·

142 4122 280 4178 letorm
292 4125 462 4192 redegisset,
484 4125 626 4190 diiigenter
638 4135 667 4178 et
707 4134 739 4182 et
755 4131 1007 4195 comprehensione
1024 4134 1230 4187 devinciendis.

142 4194 279 4263 mettii
290 4196 665 4255 sudcmcuomossocow
708 4201 921 4269 idestantitus,
934 4203 1134 4268 vetutperiodie
1151 4206 1228 4261 cia.
1282 4216 1285 4221 ·
