2676 4748
485 258 858 345 racnuuunon'.
1131 204 1140 319 ‚¹
1188 272 1211 339 s
1278 234 1280 241 ’
1330 366 1333 371 ι

226 462 332 525 Extitit
344 481 423 528 nova
435 473 583 547 oratorum
597 473 690 532 aetas.
733 464 873 530 Ordinem
886 461 1032 524 duxerunt
1046 447 1096 526 Ti.
1110 458 1208 523 Crac-

122 553 199 616 cbus
214 559 242 613 et
254 552 289 621 C.
301 551 415 625 Carbo:
428 553 531 632 quibus
545 555 742 635 adiunguntur
753 550 896 617 mediocri
909 549 997 611 laude
1010 548 1153 611 notabiles
1169 548 1208 614 D.

60 670 72 684 =
120 641 247 717 Brutus,
270 638 307 715 Q.
323 639 491 719 Maximus,
511 640 549 709 L.
565 642 661 704 Paulli
675 661 783 721 nepos,
805 638 906 716 Scipio
922 635 1057 714 Serapio,
1079 636 1113 700 P.
1127 635 1206 697 Len-

121 727 217 804 tulus,
236 726 274 787 L.
287 725 396 788 Furius
411 726 531 806 Philus,
552 729 587 793 P.
600 727 765 807 Scaeuola,
786 726 906 791 Manius
920 722 1074 801 Manilius,
1095 722 1207 801 Appius

120 812 281 891 Claudius,
304 813 349 878 M.
361 813 484 877 Fulvius
499 814 645 895 Flaccus,
664 815 698 880 C.
710 816 802 895 Cato,
824 814 859 881 P.
873 809 1000 890 Decius,
1022 810 1067 874 M.
1081 810 1207 890 Drusus,
1243 798 1251 818 '

121 901 169 967 Μ.
184 900 319 963 Peunnsr
340 920 367 965 c.
381 903 434 965 27.
446 904 499 966 28.
535 935 540 946 ·

196 988 201 997 ”
223 985 280 1048 His
291 987 424 1066 proxime
437 990 579 1052 accedunt
591 987 637 1052 M.
645 986 790 1064 Scaurus,
810 982 847 1048 L.
853 981 1000 1062 Fufidius,
1020 983 1053 1045 P.
1068 979 1207 1062 Rutilius,

48 1093 52 1101 ·
121 1074 209 1154 quasi
221 1071 339 1135 Stoicus
353 1083 468 1139 oratoru
496 1069 590 1141 c.'29.
604 1079 657 1140 30.
699 1073 758 1136 Per
772 1072 1013 1150 opportunitatem
1028 1070 1146 1133 Stoicae
1161 1070 1207 1132 di-

120 1159 268 1239 scipliuae
286 1179 383 1223 sermo
404 1163 568 1242 digreditur
583 1171 611 1225 et
629 1163 667 1225 ad
681 1159 726 1226 M.
740 1157 882 1223 Catonem
893 1158 1036 1220 minorem
1047 1166 1075 1220 et
1088 1159 1126 1218 ad
1140 1157 1208 1236 pbi-

119 1246 276 1327 losopbiae
294 1249 525 1313 coniunctionem
544 1269 611 1313 cum
631 1246 810 1328 eloquentiae
844 1264 870 1311 o.
895 1247 948 1312 81.
996 1244 1207 1325 Perstringitur

120 1334 254 1399 eiusdem
265 1336 369 1398 aetatis
382 1337 597 1402 oratorCurior
616 1357 643 1401 c.
657 1340 709 1401 82.
751 1334 812 1396 Sed
823 1334 955 1396 omnibus
969 1332 1085 1413 plenior
1094 1341 1123 1394 et
1134 1332 1206 1394 ube-

120 1422 185 1498 rior
195 1422 235 1483 ad
250 1421 403 1486 dicendum
418 1423 583 1489 celebratur
596 1423 630 1488 C.
644 1423 817 1500 Gracchus,
836 1421 1106 1499 praestantissiruus
1120 1416 1206 1500 inge-
1301 1483 1304 1499 ἶ

120 1507 189 1587 nio,
209 1509 359 1588 doctrina,
380 1512 492 1586 studio;
514 1511 563 1574 cui
576 1512 721 1581 adduntur
733 1507 835 1571 diserti
846 1507 980 1570 homines
995 1506 1029 1572 C.
1044 1505 1150 1584 Galba,
1170 1504 1206 1572 P.

120 1594 243 1675 Scipio,
266 1596 305 1662 L.
319 1597 438 1678 Bestia,
466 1598 500 1662 C.
513 1598 647 1661 Licinius
661 1598 782 1676 Nerva,
807 1595 843 1661 C.
860 1593 1010 1673 Fimbria,
1037 1594 1071 1658 C.
1086 1592 1206 1656 Sextius

119 1680 281 1761 Calvinus,
304 1683 349 1748 M.
361 1684 489 1765 Brutus,
508 1685 546 1751 L.
557 1685 759 1749 Caesulenus:
778 1703 806 1748 c.
819 1680 932 1749 8884.
972 1682 1043 1743 Item
1058 1681 1097 1743 Τ.
1112 1679 1205 1742 Albu-

120 1767 204 1848 cius,
231 1769 269 1846 Q.
282 1769 420 1851 Catulus,
444 1773 483 1850 Q.
497 1772 637 1835 Metellus
651 1769 839 1852 Numidicus,
860 1769 908 1835 Μ.
924 1768 1064 1846 Silanus,
1084 1766 1131 1832 M.
1142 1765 1206 1830 Au·

119 1855 213 1918 relius
228 1855 378 1937 Scaurus,
403 1859 441 1924 A.
452 1858 595 1938 Albinus,
623 1860 661 1937 Q.
675 1859 802 1937 Caepio,
829 1857 863 1922 C.
878 1866 907 1920 et
920 1856 957 1921 L.
972 1854 1123 1933 Memmii,
1152 1851 1204 1933 Sp.

120 1943 273 2022 Thorius,
302 1943 347 2009 M.
368 1946 551 2027 Marcellus,
579 1947 614 2012 P.
638 1945 798 2024 Lentulus,
828 1945 867 2007 L.
885 1944 987 2022 Cotta,
1021 1943 1144 2021 denique
1157 1939 1204 2006 Μ.

119 2030 264 2093 Antonius
278 2039 306 2093 et
317 2031 356 2096 L.
374 2031 520 2113 Crassus,
541 2034 592 2114 qni
611 2042 760 2097 oratorum
777 2030 926 2112 principes
946 2032 1063 2093 fuerunt
1078 2038 1106 2092 et
1118 2027 1205 2107 primi

120 2115 303 2183 Graecorum
324 2119 454 2199 gloriam
470 2122 713 2201 aequiparamntz
738 2140 765 2182 c.
781 2118 835 2184 35.
851 2123 905 2185 86.
944 2117 1102 2196 Utriusque
1118 2132 1206 2195 prae·

119 2203 230 2266 stands
251 2205 480 2291 demopstratnr,
517 2208 689 2288 interposita
718 2203 760 2292 (c.
784 2203 851 2289 39.)
885 2203 1071 2287 digressione
1099 2204 1137 2264 ad
1165 2201 1203 2280 Q.

120 2290 313 2354 Scaevolam:
333 2312 361 2359 c.
376 2291 530 2362 87-44.
572 2296 644 2358 Item
655 2314 754 2358 sermo
771 2293 896 2358 deflectit
907 2294 947 2355 ad
960 2292 1025 2356 Ser.
1039 2288 1205 2370 Sulpicium

120 2378 255 2457 Rufum,
273 2379 305 2440 in
316 2379 379 2445 iure
393 2380 473 2445 civiti
489 2382 700 2446 clarissimum:
717 2401 745 2447 c.
760 2378 816 2447 41.
830 2377 885 2446 42.

225 2463 302 2527 Cum
318 2466 365 2530 bis
379 2469 527 2533 coniuncti
540 2469 656 2531 fuerunt
668 2476 764 2530 aetate
778 2467 831 2532 Cn.
841 2464 1004 2545 Domitius,
1024 2464 1057 2528 C.
1072 2461 1204 2543 Caelius,

122 2550 172 2617 M.
191 2550 373 2636 Herennius,
400 2555 435 2622 C.
449 2555 611 2635 Claudius,
635 2555 672 2621 C.
687 2553 804 2635 Titius,
825 2555 864 2633 Q.
878 2552 1011 2618 Rubrius
1023 2552 1139 2629 Varro,
1159 2550 1204 2616 M.

121 2637 293 2704 Gratidius:
312 2660 339 2705 c.
349 2638 403 2710 45.

225 2723 408 2808 colliguntur
422 2729 560 2808 deinceps
573 2747 611 2792 ex
624 2726 715 2793 sociis
728 2724 936 2808 etqucLatiris
945 2732 1088 2804 oratores,
1100 2722 1203 2802 quibus

120 2812 205 2878 color
217 2808 389 2879 urbanitatis
404 2816 547 2895 deluerit,
571 2817 611 2895 Q.
622 2816 736 2882 Vettius
749 2815 919 2895 Vettianus,
945 2812 984 2890 Q.
998 2820 1026 2875 et
1041 2811 1080 2876 D.
1093 2808 1205 2877 Valerii

119 2899 247 2978 Sorani,
265 2899 300 2966 C.
311 2902 510 2983 Rusticellus,
531 2903 570 2965 Τ.
581 2904 719 2968 Betucius
735 2902 865 2980 Barrus,
883 2901 922 2968 L.
935 2898 1091 2980 Papiriusr
1109 2915 1137 2962 c.
1150 2892 1204 2962 46.

222 2987 313 3050 Redit
325 2990 365 3051 ad
380 2999 512 3055 oratores
520 2991 671 3060 Romanos
683 2991 786 3054 tertiae
800 2989 916 3055 aetatis.
951 2989 1058 3068 ¹ltaque
1069 2985 1205 3065 primum,

120 3073 171 3157 qui
196 3074 295 3155 magis
316 3075 348 3138 in
370 3077 527 3141 dicentium
542 3097 629 3160 quam
644 3079 677 3143 in
696 3088 975 3141 oratorumnumero
988 3073 1114 3151 fuerint,
1134 3092 1204 3152 per-

121 3158 305 3242 stringuntur
317 3162 354 3226 L.
369 3163 542 3245 Philippus,
562 3166 600 3233 L.
613 3165 743 3242 Gellius,
764 3165 802 3228 D.
812 3165 937 3243 Brutus,
955 3162 993 3229 L.
1006 3161 1128 3240 Scipio,
1147 3158 1202 3223 Cn.

118 3248 279 3327 Pompeius
294 3249 419 3330 Strabo,
441 3252 487 3317 M.
497 3254 623 3332 Brutus,
641 3253 673 3317 C.
686 3252 846 3330 Bellienus,
865 3250 921 3314 Cn.
935 3248 1092 3314 Octavius:
1112 3242 1203 3311 cdi.

118 3334 177 3397 His
191 3343 290 3398 autem
304 3340 464 3401 succedunt
480 3339 580 3420 aliqua
593 3340 709 3403 dicendi
721 3340 788 3401 dote
802 3338 972 3417 conspicui,
993 3336 1028 3401 C.
1040 3335 1149 3412 lulius,
1167 3332 1204 3397 P.
1326 3394 1329 3405 ,

120 3422 287 3503 Cethegus,
315 3425 353 3502 Q.
370 3425 529 3490 Lucretius
543 3426 686 3507 Vispillo,
705 3425 821 3504 Ofella,
841 3425 880 3490 Τ.
893 3425 1007 3488 Annius
1020 3421 1145 3501 Velina,
1162 3419 1201 3483 Τ.

119 3509 285 3588 luventius,
304 3509 340 3577 P.
353 3512 477 3594 Orbius,
497 3514 537 3579 Τ.
550 3513 701 3592 Aufidius,
721 3513 768 3578 M.
781 3510 937 3594 Virgilius,
958 3510 994 3575 P.
1009 3508 1144 3591 Magius,
1163 3506 1203 3585 Q.

121 3593 289 3676 Sertorius,
308 3598 344 3663 C.
358 3599 546 3682 Gargonius,
567 3601 607 3666 Τ.
622 3601 739 3664 luninsr
758 3620 787 3666 c.
799 3595 853 3666 48.

223 3681 363 3764 Sequitur
374 3696 458 3771 aetas
472 3695 592 3768 quarta,
612 3687 643 3749 in
658 3706 715 3770 qua
729 3685 857 3750 omnium
867 3683 977 3748 iudicio
990 3683 1080 3747 facilc
1091 3679 1203 3761 primas

120 3768 247 3834 tulerunt
260 3770 295 3838 C.
310 3773 397 3837 Cotta
411 3789 439 3837 et
451 3776 486 3841 P.
498 3775 657 3857 Sulpicius.
706 3774 880 3855 Digressic,
907 3791 965 3851 qua
980 3773 1202 3845 demonstratur,

120 3857 289 3927 (lucratore
300 3861 452 3940 probando
464 3862 719 3942 autimprobando
734 3878 891 3942 numquam
903 3859 996 3922 fuisse
1015 3855 1121 3937 populo
1135 3871 1201 3916 cum

121 3943 218 4010 doctis
230 3944 398 4011 bominibus
410 3948 695 4033 intelligentibusque
712 3948 940 4012 dissensionemr
960 3967 988 4014 c.
1000 3942 1095 4010 49-
1105 3941 1158 4009 65.

142 4113 149 4128 ·
223 4031 327 4096 Cottae
345 4036 516 4118 adiungitur
535 4037 622 4100 buius
644 4035 755 4101 sodalis
777 4035 815 4101 L.
831 4033 951 4098 nebus:
983 4053 1010 4096 c.
1027 4032 1081 4099 66.
1135 4027 1204 4092 Non

120 4114 271 4197 duspiicuit
294 4120 356 4190 Cn.
366 4121 558 4204 Pomponius:
589 4144 615 4191 c.
629 4125 681 4190 67.
729 4124 791 4186 lam
810 4123 847 4185 dc
863 4121 894 4185 C.
910 4120 1065 4184 Scribonio
1079 4116 1206 4182 Curione
