2676 4748
43 304 120 383 rau
296 359 301 371 .
479 293 724 401 neurus.

54 498 105 583 ris
121 484 232 580 aliosi
247 487 299 557 'de
317 493 353 556 tc
374 486 451 577 ipso
470 509 597 570 nonne,
614 484 699 576 quid
712 490 871 576 optarent
884 485 1056 574 rei‚,quid
1071 487 1146 578 ipse

54 582 262 653 Hortensius
294 575 479 659 iudicaret,
516 569 734 643 videbamus?
778 577 838 663 qui
862 597 937 642 curn
958 579 1150 664 partiretur

29 662 31 682 ’
55 683 167 741 boum
183 687 303 735 causas
324 666 443 752 (saepe
458 663 545 730 enirn
560 663 728 748 interfui),
746 661 927 750 perorandi
941 665 1065 745 locum,
1086 667 1148 732 ubi

80 760 239 828 lurimum
259 753 368 842 pollet
385 752 514 832 oratio,
535 773 669 840 semper
684 751 747 817 tibi
760 750 985 838 relinquebat.
1026 753 1148 820 Facie-

54 783 117 918 bat
138 848 198 913 ille
215 839 380 929 ¹quidem,
407 840 564 925 inquam:
596 838 734 905 etmihi
758 836 1007 922 benevolentia,
1033 841 1148 925 eredo,

56 934 182 1009 ductus
199 929 372 998 tribuebat
387 930 509 994 omnia.
553 924 622 993 sed
636 948 714 1012 ago,
736 947 823 1013 quae
840 925 881 992 de
898 950 950 992 me
965 931 1083 1018 populi
1098 930 1148 996 sit

57 1011 1148 1189 llillaiillhli,llibibillllaliilililii
1172 1026 1174 1030 ⁵

57 1197 147 1277 dicio
168 1195 275 1265 fuisse
295 1149 566 1280 probatissimos.
608 1191 686 1257 191.
715 1189 790 1259 Neo
811 1190 898 1258 enim
921 1127 1041 1278 pblslsblt
1055 1192 1146 1260 idem

55 1282 307 1359 Demosthenes
333 1278 464 1360 dicere,
493 1273 585 1364 quod
605 1274 993 1345 dixisseAntimaelum
1016 1283 1147 1349 clarum

56 1380 194 1466 poetam
213 1370 345 1435 ferunt:
382 1366 443 1454 qui
467 1387 542 1430 cunr
565 1366 755 1433 convocatis
776 1364 988 1436 auditoribus
1014 1370 1148 1458 legeret

56 1464 110 1535 eis
124 1477 279 1545 magnum
292 1452 397 1535 illud,
419 1451 511 1540 quod
526 1453 686 1530 novistis,
708 1455 862 1521 volumen
878 1477 995 1539 suum,
1016 1467 1052 1524 et
1069 1474 1147 1525 euni

58 1554 227 1638 legentem
253 1564 368 1608 omnes
387 1547 525 1630 praeter
546 1538 723 1607 Platonem
742 1543 978 1630 reliquissent,
1005 1545 1148 1631 Legunt,

56 1622 189 1728 iuquit,
223 1631 327 1699 nihilo
348 1639 472 1694 minna:
510 1629 613 1693 Plato
640 1636 724 1695 enim
748 1629 833 1696 mibi
844 1655 941 1696 renna
965 1640 1071 1698 inetur
1097 1649 1148 1701 est

55 1733 211 1815 flammam.
252 1716 378 1786 Merito
391 1716 457 1807 ¹ille
478 1720 514 1784 et
535 1724 641 1788 recle.
690 1739 808 1808 poema
829 1718 916 1786 eninr
935 1719 1148 1789 reconditum

54 1878 63 1887 '
128 1881 159 1936 0.
175 1880 218 1933 51.
232 1879 292 1930 190.
326 1877 472 1938 Faciebat]
498 1877 616 1946 fouebat
631 1879 673 1929 ed.
687 1890 729 1942 pr.

55 1966 59 1975 ·
126 1951 212 2004 habiti
229 1949 298 2011 sint]
321 1948 350 1999 b.
369 1950 439 1999 anni
455 1949 498 1998 ed.
514 1961 557 2012 pr.
592 1947 788 2000 coniunctivae
808 1949 924 2015 quam
947 1946 977 2002 in
998 1947 1149 2019 orationem

93 2023 239 2084 obliquam.
514 2074 516 2079 ,
800 2065 803 2075 .

56 2122 76 2155 ‚2
131 2092 193 2143 191.
228 2089 334 2139 clarum
350 2087 471 2149 poetam]
494 2085 541 2136 Sic
558 2098 619 2139 enm
637 2087 758 2138 omnibns
776 2089 854 2139 codd.
870 2089 915 2140 ed.
933 2100 975 2151 pr.
1016 2087 1149 2142 mnrium

65 2205 70 2211 .
92 2162 210 2229 poetam
233 2170 294 2208 cum
320 2158 386 2223 Asc.
404 2157 463 2206 edd.
483 2157 578 2220 mulgg.
595 2158 757 2207 arcessitum
774 2171 809 2208 ax
826 2157 907 2208 ovid.
924 2159 1005 2210 Trist
1023 2159 1148 2228 1,o,1.

25 2253 28 2260 ·
55 2228 67 2293 ἶ,
95 2231 141 2292 [ld
158 2227 318 2281 wetzelius
342 2224 461 2291 telendit
479 2225 548 2277 satis
568 2226 678 2290 vulgari
694 2227 900 2278 ratiocinatione
916 2236 945 2278 et
964 2229 1058 2279 verbis
1075 2232 1149 2281 malo

55 2286 78 2351 ,⁴
94 2298 232 2351 inversis:
263 2294 333 2358 quod
349 2293 396 2358 qui
412 2292 488 2346 Glari
505 2302 586 2347 natus
602 2295 702 2362 fuerit,
729 2298 843 2347 eundern
861 2296 998 2360 colophon
1014 2297 1067 2349 sibi
1083 2299 1149 2349 vin·
1177 2344 1180 2351 .

96 2368 189 2420 dicare
211 2364 337 2429 potuerit.
378 2365 432 2414 sed
454 2366 525 2428 quod
548 2373 647 2427 poetae
666 2365 758 2433 llcult,
787 2367 815 2417 ld
833 2375 1011 2434 recusasset,
1043 2369 1148 2435 opinor,

57 2484 60 2491 .
87 2434 212 2500 'cicero‚
243 2432 290 2499 quui
311 2431 491 2497 Colophonem
514 2435 609 2485 urbam
632 2433 787 2488 Antimachi
801 2437 939 2501 natalem,
967 2447 1022 2489 non
1037 2435 1149 2490 illarum

57 2500 63 2571 ζ
94 2504 185 2560 lucum
202 2503 337 2566 Apollinis
355 2503 446 2554 sacris
463 2502 622 2567 religiosum
639 2505 760 2555 editurus
777 2505 861 2565 erat]

129 2576 235 2638 legeret
251 2572 307 2634 eis]
332 2571 373 2622 eis
388 2573 497 2624 delebat
513 2574 637 2625 Wetzel.
660 2573 836 2636 probantibus
850 2574 921 2625 haud
937 2574 1043 2637 paucis.
1140 2608 1143 2615 .

130 2642 256 2694 omnium.
305 2641 402 2692 Merito
428 2641 475 2690 ille
499 2642 639 2702 streete]
673 2644 956 2706 sicoptineed.pr.
988 2645 1086 2696 instar
1103 2645 1150 2697 est

33 2758 62 2771 ,,
96 2713 223 2765 omnium
244 2709 376 2762 millium.
417 2708 461 2760 nt
482 2712 580 2778 recte,
607 2724 643 2761 ex
661 2711 730 2762 coni.
755 2712 819 2763 Aldi
843 2713 957 2774 Nepotis
976 2717 1036 2781 edd.
1053 2717 1149 2779 vulgg.
1194 2730 1196 2753 ι

95 2784 192 2834 instar
211 2783 256 2832 est
272 2780 431 2830 multorum
452 2777 583 2833 millium.
623 2779 667 2832 lli
688 2784 769 2834 recte
799 2781 981 2833 Camerarius.
1024 2785 1150 2836 omnium

96 2850 179 2903 illam
194 2856 243 2913 pro
260 2849 379 2899 illorum
394 2849 480 2910 (quod
495 2849 585 2912 ipsum
600 2849 724 2901 rumano
736 2852 890 2913 placuerat)
913 2851 1024 2913 Lipsius
1038 2855 1149 2918 Antiqu.

80 2923 185 2984 „Lecta
202 2920 246 2983 11,
269 2921 314 2969 22.
356 2918 439 2967 Peius
456 2916 538 2969 etlam
553 2919 707 2981 Lenncpius
726 2921 755 2971 in
772 2920 924 2972 Phalaridis
939 2923 1027 2984 Ilpist.
1045 2937 1072 2986 p.
1087 2926 1150 2973 992.

97 2990 245 3041 bominum
262 2986 389 3039 millium-
407 2987 470 3057 vel,
499 2989 570 3053 quod
585 2988 707 3058 mauult,
731 2984 877 3042 bominum
891 2987 979 3044 mille.
1013 2992 1150 3045 Orellius:

115 3145 146 3197 G.
160 3142 204 3196 51.
220 3143 280 3194 190.
309 3141 465 3207 [perorandi
481 3143 585 3205 locum]
627 3141 716 3197 luisse
729 3145 776 3211 qul
787 3146 959 3200 miserabiles
975 3147 1045 3199 istos
1061 3148 1149 3212 epllo-

62 3214 108 3268 ot.
128 3229 154 3265 o.
173 3211 219 3265 ot.
254 3213 329 3264 Orat.
349 3215 394 3281 37,
418 3215 479 3264 130.
508 3213 585 3277 Quid
627 3227 678 3278 gos
696 3216 833 3280 riderent,
859 3219 978 3269 ostendit
997 3218 1084 3284 ipsius
1099 3219 1149 3269 de·

63 3297 116 3352 epo
139 3284 175 3334 de
198 3280 432 3335 miserationibus
457 3278 585 3351 loquor?
627 3285 732 3352 lensio,
746 3295 795 3349 pro
809 3286 905 3340 l’lenc.
918 3284 976 3349 ab]

64 3352 164 3422 quibas
188 3364 221 3402 eo
250 3365 317 3402 som·
336 3365 413 3403 nsua
440 3352 584 3420 plurilus,
830 3393 835 3399 .

58 3423 141 3490 pnod
161 3421 276 3471 eiiontsi
291 3423 395 3487 plores
412 3421 585 3487 dbeiomns,
680 3424 740 3474 191.
774 3434 902 3488 magnum
919 3423 1001 3484 lllud]
1030 3422 1152 3476 l'lebai·

62 3490 284 3558 perorationem
297 3492 367 3542 mibi
379 3493 475 3542 tamen
488 3504 585 3543 omnes
628 3493 690 3544 dem
704 3492 824 3556 opineris
837 3494 953 3558 intelllgi
960 3507 970 3557 3
986 3500 1067 3556 atque
1078 3495 1152 3545 haud

63 3559 331 3624 relinqnebunlsln
349 3573 404 3626 qno
420 3561 587 3613 otcideret·
630 3563 687 3612 scio
707 3574 743 3614 an
761 3560 859 3613 Cicero
880 3563 1056 3613 intellexerit.
1096 3564 1151 3612 sed

63 3632 226 3694 tacebere,
242 3639 300 3677 oon
311 3630 426 3696 inuenio
441 3631 493 3681 aad
505 3632 588 3683 dolo·
629 3631 731 3682 diserte
743 3633 906 3683 Plutarchus
920 3632 1047 3694 nynia
1067 3630 1152 3682 tradit

64 3695 302 3764 re'usseqnetor.
337 3700 390 3749 l’ro
410 3701 494 3750 Balbo
517 3713 542 3750 c.
559 3699 587 3751 7.
630 3701 835 3769 Antimachum,
860 3714 922 3753 cum
940 3701 968 3750 in
988 3700 1151 3750 recitatione

63 3769 125 3824 Sed
155 3766 305 3834 pnonwm,
340 3779 386 3818 me
421 3770 588 3836 recreante,
630 3771 759 3822 carminis
790 3772 824 3821 ds
857 3768 999 3834 Lysandri
1024 3769 1152 3821 laudibus

63 3837 177 3905 placuit
188 3834 319 3887 ambobus
331 3829 461 3888 adbiberi
476 3837 551 3888 bunc
568 3851 588 3888 o
631 3838 772 3903 conpositi
803 3851 900 3902 parum
926 3838 1103 3902 probaretur,
1133 3849 1152 3890 a

64 3922 110 3960 me
134 3905 217 3973 quusi
237 3906 417 3969 perpoliendi
444 3907 587 3972 quendum
630 3907 744 3960 Platone
767 3908 888 3960 auditum
917 3915 1152 3970 sustentetumqus

66 3978 165 4044 operis
177 3977 342 4027 ectromate
356 3975 498 4027 laborem.-
516 3978 586 4041 peto
628 3976 727 4028 luisse.
761 3979 912 4029 Notabatur
924 3983 1016 4027 autern
1036 3976 1152 4040 prolixi-

65 4063 85 4100 α
97 4045 176 4098 eolis
191 4047 282 4100 aime
295 4041 587 4112 offieiipotinsqunm
630 4053 675 4098 tas
706 4055 736 4097 ct
759 4047 887 4110 ambages
912 4046 1005 4108 poesis
1026 4047 1152 4098 Antima-

66 4114 181 4169 dicendi
205 4114 302 4165 stadio
327 4113 402 4165 banc
424 4114 586 4181 suscepisse
630 4117 730 4184 cheae:
766 4131 797 4168 v.
816 4115 967 4168 &leucon
996 4116 1030 4168 de
1048 4115 1151 4167 Andro.

65 4197 185 4253 operam
203 4196 239 4236 oc
256 4197 359 4237 manat
375 4185 497 4251 potetis.
531 4188 585 4249 ¹Ao
629 4181 714 4249 prii.
729 4198 771 4250 sq.
1142 4226 1145 4233 .
