2676 4748
137 334 216 437 ,se
327 408 329 415 ,
585 332 829 409 nunnus.
921 337 926 348 ·

170 519 419 605 elliumetutlio
436 523 648 605 litterarum,
670 523 729 612 qui
744 524 845 590 etiam
862 521 1084 611 uuluam,
1104 525 1165 612 qui
1177 548 1255 594 oum

116 643 125 671 κ
170 616 270 705 patre
288 613 362 680 eius
379 613 415 678 in
429 612 571 679 Aetolia
586 614 811 694 militaverat,
838 612 974 678 civitate
997 610 1155 694 donavitJ
1177 637 1255 682 eum

170 701 332 773 triumvir
357 700 521 765 coloniam
538 698 759 766 deduxisset:
797 704 833 764 et
855 698 900 765 T.
920 698 1072 764 Annium
1092 699 1256 785 Luscum,

170 786 271 861 liuius
292 786 337 873 Q.
350 785 463 853 Fuluii
481 786 662 873 collegam,
689 808 756 853 uon
778 785 978 873 indisertum
999 785 1116 853 dicunt
1135 789 1255 861 fuisso.

171 878 228 947 80.
264 875 382 961 Atque
408 874 509 939 etiam
534 872 576 942 L.
605 873 749 940 Paullus
770 873 929 939 Africani
950 883 1050 962 pater
1075 897 1257 962 personatu

119 1031 125 1049 ¹
169 962 335 1055 pmnmpis
349 955 432 1030 aivis
447 960 546 1026 facila
560 959 701 1028 dicendo
715 960 893 1045 tuebatur3
921 967 1049 1030 atvero
1064 963 1254 1032 etiamtum

169 1148 174 1156 '
238 1106 297 1194 00.Ι
318 1143 348 1192 et
359 1118 442 1204 vero]
465 1138 499 1192 et
512 1148 584 1191 aero
602 1137 644 1190 ei.
658 1148 700 1202 pr.
733 1134 851 1190 Mutavit
864 1135 1021 1189 Lambinus.

169 1307 295 1353 mentem
309 1292 436 1361 Maium,
457 1293 622 1360 sequentem
638 1294 691 1346 Iu·
733 1290 783 1360 qui
796 1305 860 1344 cum
872 1290 904 1343 iu
916 1294 1021 1347 senatu
1038 1291 1071 1345 iu
1090 1294 1254 1349 Gracchum

168 1366 252 1421 niuut'
263 1379 391 1418 uacasse.
415 1365 491 1415 Adde
507 1365 529 1428 1,
546 1366 588 1414 13.
598 1364 691 1421 ,Ιίᾱιιιι
729 1365 920 1428 perorasset,
936 1366 1042 1428 ruptus
1055 1365 1090 1415 uo
1103 1379 1136 1417 eo
1147 1369 1186 1418 uri
1197 1381 1253 1432 po-

131 1480 134 1485 ,
168 1436 250 1495 Pasti
269 1447 287 1481 a
304 1435 398 1479 caelio
416 1431 576 1491 Antipatro,
600 1433 646 1491 qui
663 1443 690 1482 a.
730 1431 1004 1497 putumdetutucque
1016 1433 1092 1496 plebi
1101 1445 1209 1484 rursus
1221 1437 1274 1496 tn,

170 1503 238 1557 530.
255 1497 359 1562 floruit,
390 1496 460 1558 apud
482 1495 633 1547 charisium
661 1512 691 1561 p.
734 1511 865 1563 cumpro
879 1500 1186 1553 rostriscoucionutue
1200 1505 1254 1554 esi.

167 1573 233 1627 112.
244 1567 428 1618 nominantur:
444 1563 602 1615 Nobiliore.
619 1566 691 1616 t'ue-
732 1569 852 1619 Eandem
870 1580 927 1617 rem
949 1569 1050 1618 diserte
1066 1579 1161 1621 narrat
1184 1572 1253 1623 Plu-

168 1640 227 1695 tim
244 1636 288 1689 eil
304 1646 360 1700 per
373 1634 394 1683 i.
408 1632 569 1687 Publicutos
588 1635 691 1700 quippe
733 1639 843 1689 tarchus
858 1628 916 1685 uto.
932 1636 1048 1688 Gracchi
1064 1638 1164 1697 514.ΙΙ

187 1709 267 1761 astos
289 1717 386 1755 omues
406 1705 436 1754 et
452 1704 541 1754 libros
554 1719 573 1757 ιι
587 1706 691 1757 Putoio
784 1706 828 1756 80.
862 1707 894 1756 1..
911 1707 1039 1766 Paullus]
1067 1707 1100 1757 L.
1120 1705 1254 1759 Aemilius

167 1713 316 1836 habiliori
328 1771 441 1837 scriptu
456 1775 604 1836 (scriptos)
625 1777 692 1826 ret·
732 1773 846 1827 Paullus
861 1777 956 1824 consul
969 1776 1063 1827 a.572.
1072 1783 1099 1826 et
1107 1773 1168 1828 586.
1176 1777 1252 1835 (182.

168 1845 285 1913 tulisse.
311 1843 644 1904 uouemspectantvarro
657 1845 691 1894 de
733 1839 812 1901 thil]
841 1842 911 1893 Huic
941 1845 1094 1907 eloquentia
1122 1847 1254 1909 quaedam

168 1919 266 1981 lingua
276 1913 325 1963 lat.
343 1927 368 1974 p.
379 1914 440 1960 213.
461 1913 503 1961 el.
516 1914 612 1975 speng.
627 1913 691 1976 (Vl,
732 1913 865 1963 naturalis
873 1911 970 1978 inerat,
984 1921 1069 1965 artem
1081 1916 1252 1976 contempsit.

171 1988 230 2045 33.)
244 1981 386 2035 Messium
398 1980 692 2045 uomiuusuutuper·
733 1983 805 2032 Plut.
828 1981 927 2031 Aemii.
949 1985 976 2032 2.
1012 1977 1073 2034 οὔτι
1098 1978 1151 2050 yolo
1171 1979 1255 2051 λόγον

169 2059 206 2109 ιι
218 2055 293 2122 fere.
328 2049 521 2113 comprimus
542 2065 562 2102 ιι
579 2049 691 2117 Morte,
731 2044 809 2116 ἤσκει
838 2051 902 2112 περὶ
930 2043 1012 2104 δίκαι.
1052 2053 1170 2103 Extahat
1191 2053 1253 2104 eius

169 2122 328 2187 secundus,
350 2121 384 2168 ιιι
402 2118 522 2169 Fuluius
544 2122 574 2169 et
591 2121 692 2170 lunius
733 2120 835 2184 oratio,
858 2130 939 2182 quam
951 2121 984 2169 de
999 2120 1080 2170 rebus
1093 2135 1111 2172 a
1123 2134 1154 2171 se
1166 2122 1254 2185 gestis

167 2191 318 2255 ecrihuut,
335 2204 355 2240 ιι
372 2190 498 2254 Venere,
515 2189 591 2253 quoti
604 2202 639 2240 ea
650 2189 692 2240 sit
733 2188 828 2251 paucis
846 2188 940 2238 diebus
958 2198 1020 2251 post
1040 2190 1201 2253 triumphum
1225 2204 1253 2243 a.

166 2255 328 2329 Ἀφροδίτη.
357 2265 385 2307 et
406 2259 521 2309 loannes
539 2259 635 2320 Lydus
657 2261 690 2308 do
733 2257 795 2308 587.
813 2258 847 2308 ad
859 2260 984 2319 populum
996 2259 1103 2327 habuit,
1120 2271 1254 2325 quamque

172 2328 295 2383 Ostentis
321 2339 349 2391 p.
368 2329 412 2377 62.
440 2325 491 2375 llis
513 2324 691 2378 censorinum
732 2326 894 2377 Plutarchus
907 2328 1076 2378 adumbravit
1092 2340 1117 2377 o.
1130 2330 1174 2378 36.
1208 2329 1253 2379 ci.

171 2398 250 2453 addit·
264 2393 398 2446 Kreusius
416 2395 524 2458 Pragm.
539 2396 641 2448 liistor.
663 2411 692 2459 p.
733 2397 819 2447 Oratt.
839 2397 948 2463 Pragm.
971 2410 997 2458 p.
1011 2399 1055 2447 92.
1078 2396 1173 2458 ltaque
1192 2397 1252 2448 iure

173 2469 234 2520 126.
251 2466 287 2516 ci.
302 2465 441 2516 Peterson.
452 2464 494 2530 De
506 2463 690 2539 Originllist.
732 2465 866 2532 Scipioni,
883 2465 972 2516 Paulli
986 2466 1058 2533 filio,
1073 2467 1181 2517 laudem
1194 2467 1254 2517 eio-

170 2538 250 2591 lton.
268 2549 295 2598 p·
309 2535 354 2585 37.
733 2536 858 2598 quentiae
877 2535 968 2585 tribuit
983 2534 1092 2600 Cicero,
1117 2548 1172 2599 qua
1187 2535 1252 2585 dicit

170 2644 174 2651 ,
224 2616 287 2654 cum
308 2597 433 2654 triumvir
450 2601 597 2664 coloniam]
626 2601 690 2655 Liv.
732 2617 794 2657 eum
818 2604 904 2665 patris
923 2604 1049 2655 bellicam
1068 2605 1183 2669 gloriam
1202 2618 1253 2658 cn·

91 2690 94 2695 ·
170 2672 310 2737 xxxix,
333 2671 379 2723 ct.
402 2670 513 2722 Eodem
531 2686 607 2724 uuuu
627 2672 691 2725 570.
731 2673 852 2723 ululasse
864 2672 983 2738 ochoi,
999 2677 1045 2724 32.

168 2733 263 2803 ¹(altit.)
287 2740 415 2792 coloniae
435 2740 525 2804 duee,
554 2740 691 2792 Potentia
783 2742 938 2802 personam]
962 2739 993 2790 c.
1010 2738 1055 2792 45.
1078 2742 1151 2793 sotis
1168 2741 1201 2795 iu
1217 2753 1251 2793 eo

167 2814 202 2867 iu
213 2811 364 2876 Picenum,
385 2808 541 2861 Pisaurum
553 2810 586 2859 iu
598 2809 691 2860 Gelli-
731 2807 826 2876 fuisse
848 2808 990 2858 orationis
1014 2812 1104 2874 utque
1133 2810 1252 2879 taeenti,

166 2894 237 2936 eum
249 2890 354 2944 aarum
367 2877 506 2930 deductae
524 2878 602 2929 suut.
636 2880 691 2929 Se·
731 2890 787 2944 quo
805 2879 835 2928 et
852 2877 1042 2942 manistrotus
1053 2891 1210 2941 personam
1221 2882 1253 2932 et

171 2967 211 3004 ιιιι
224 2950 327 3017 iuuere
341 2947 508 3012 insinuatos
525 2949 604 2998 doto.
636 2948 692 2998 Di·
731 2945 1092 3013 cousuloreuadiyuitutem
1105 2951 1251 3002 tueretur.

168 3020 306 3085 ⁸eliserunt
323 3026 427 3083 aarum
444 3017 627 3082 coloniasque
639 3017 692 3069 le·
782 3016 915 3079 principis
934 3016 1018 3076 civis]
1046 3017 1128 3068 cives
1148 3019 1252 3082 priuci-

94 3117 98 3122 ·
169 3087 324 3145 riuceruut
340 3084 426 3136 iidem
442 3085 566 3137 tresviri
584 3087 617 3148 Q.
631 3087 692 3137 Po·
733 3096 784 3149 pes
804 3086 944 3150 dicuntur,
967 3087 1012 3148 qui
1031 3088 1147 3149 reipubl.
1169 3100 1250 3150 prae-

171 3160 234 3213 hius
254 3155 346 3207 Labeo
366 3157 396 3206 et
414 3154 455 3206 M.
477 3157 508 3207 ei
527 3157 560 3218 Q.
583 3155 691 3222 Fuluii,
733 3160 811 3220 sunt,
840 3154 953 3216 eiusque
972 3156 1126 3206 munoribus
1149 3155 1253 3215 labori-

167 3229 292 3284 P'luccus
306 3226 335 3276 et
346 3224 489 3276 Nobilior.
512 3225 631 3287 Populus
640 3237 691 3275 au·
732 3222 835 3286 busque
871 3229 941 3273 totos
978 3237 1010 3273 ee
1046 3226 1158 3288 dedere,
1204 3222 1255 3288 qui

168 3305 226 3351 tem
238 3294 375 3346 nonanus
387 3295 438 3360 iis,
461 3292 508 3359 qui
523 3297 558 3346 ad
573 3295 691 3346 coloniae
734 3291 848 3342 Graecis
868 3300 930 3342 sunt
949 3285 979 3343 oi
994 3289 1134 3345 πολιτικοί
1140 3325 1148 3348 ,
1173 3293 1252 3343 nohis

171 3363 274 3418 eivium
293 3363 462 3415 deducendes
485 3363 570 3417 creati
589 3371 691 3431 essent,
731 3362 967 3413 Sluotsmiluuer.
993 3363 1100 3413 'luscuh
1115 3362 1138 3427 l,
1150 3359 1195 3427 15,
1206 3359 1250 3412 at.

168 3432 306 3490 interdum
326 3433 462 3500 permisit,
485 3440 518 3483 ut
534 3434 691 3497 peregrinos
731 3431 1084 3495 Loquorclepriacipibus.
1100 3430 1169 3496 quid
1178 3444 1251 3495 poe·
1325 3454 1334 3460 ·

172 3501 286 3555 civitate
303 3500 441 3550 donarent.
474 3503 512 3552 V.
525 3503 644 3567 Madvig.
658 3505 691 3553 de
732 3493 800 3552 tue?
832 3501 1025 3566 Deusta-111,
1040 3499 1081 3553 18.
1100 3512 1168 3548 num
1182 3505 1251 3556 erut

170 3571 231 3623 iure
256 3575 284 3620 et
306 3569 455 3620 conditione
476 3571 642 3623 coloniarum
660 3574 691 3624 P.
731 3582 864 3634 aerarum,
875 3570 1023 3634 principes
1035 3569 1110 3620 ciues
1121 3580 1185 3620 rem
1197 3571 1253 3624 hc·

102 3691 105 3696 ,
170 3642 249 3695 nom.
263 3652 289 3701 p.
301 3628 362 3688 hta.
730 3639 815 3701 here,
838 3639 876 3689 oui
889 3640 1021 3689 Sutrium
1039 3638 1111 3689 nihil
1126 3643 1251 3702 praeter

170 3750 173 3755 .
224 3709 254 3758 Τ.
269 3705 385 3757 Annium
398 3706 530 3765 Luscum]
547 3705 691 3759 Consulem
729 3703 967 3760 unmeuoentrel
984 3709 1148 3769 [Tenendum
1161 3714 1252 3762 tamen

171 3789 200 3830 ι
218 3777 280 3827 tot.
299 3773 390 3834 (153.)
429 3776 547 3825 limabat
571 3776 690 3829 eiusdem
731 3778 923 3840 proprietatem
942 3779 1119 3829 formularum
1134 3778 1252 3842 priuci-

170 3846 308 3905 alversus
319 3845 359 3894 'li
366 3843 517 3894 Gracchum
527 3844 623 3909 oratio,
641 3859 691 3896 ou·
730 3861 781 3911 pes
794 3847 888 3912 ciues,
901 3845 1049 3912 principes
1060 3847 1188 3900 ciuitatis
1200 3861 1251 3913 po-
1331 3884 1334 3895 .

171 3914 217 3967 lue
230 3915 320 3967 locum
332 3910 534 3977 attulitfestus
547 3926 575 3962 v.
583 3914 690 3965 Satura.
730 3917 862 3967 tissimum
876 3918 909 3967 acl
922 3929 970 3966 eos
981 3923 1122 3967 senatores
1141 3925 1254 3981 speeta-

171 3982 247 4033 Livil
257 3983 328 4046 llpit.
343 3979 445 4032 Lvut
468 3980 690 4047 Pottuatqutta-
730 3997 780 4050 re,
804 3986 849 4046 qui
861 3985 948 4049 gloria
963 3999 1101 4037 munerum
1115 4000 1148 4038 ao
1160 3999 1251 4039 rerum

182 4110 190 4121 ,
278 4050 358 4110 [dicit
384 4050 462 4112 leges
478 4048 531 4115 ‚tt
556 4050 689 4112 Gracchi)
730 4060 869 4116 gestarum
886 4056 974 4104 locum
995 4056 1249 4118 tuerenturprima-

261 4123 326 4173 etus
335 4119 471 4186 crocitet?
483 4119 617 4184 sautu,
633 4134 689 4171 uu·
729 4122 813 4173 rium:
837 4124 874 4173 ci.
886 4123 1056 4186 wesseling.
1076 4123 1156 4173 obss.
1170 4124 1200 4192 1,
1222 4126 1250 4180 8.

183 4202 200 4244 s
218 4201 316 4246 oms
334 4188 367 4244 Τ.
385 4188 495 4246 mitta
513 4188 688 4259 comederit,
728 4191 860 4249 weram.
872 4190 1010 4248 innotuit
1021 4192 1084 4247 ltin.
1098 4193 1128 4262 l,
1147 4193 1220 4256 13.]’
