2676 4748
145 338 215 410 uo
381 296 384 305 “
568 314 808 423 usurus.

146 520 322 605 metudio,
345 527 383 589 et
398 520 461 588 bos
481 519 616 607 ignotos
639 510 751 607 etque'
764 506 977 609 impudentes
995 536 1119 609 proeoe
1132 524 1238 617 relide
1315 582 1319 595 ‚

146 614 297 692 diemde,
334 616 575 696 tueamurque·
591 612 634 673 ut
667 605 817 673 adultam
848 606 1022 693 virginem¹
1039 612 1155 690 caste,
1197 616 1237 679 et

148 702 193 769 ab
222 703 409 765 aenatorum
426 696 483 765 ,im
508 702 567 762 eta
595 703 757 783 quantum
778 716 959 785 possumus
980 694 1236 785 prohibeamus:

147 785 333 878 Equidem,
361 783 428 849 etei
449 718 567 864 daim,-
584 804 637 849 me
650 783 685 850 in
699 784 801 849 vitam
816 784 921 872 paulo
941 784 1051 849 serius
1071 792 1133 865 tou¹
1156 796 1236 869 uam
1328 864 1332 885 Ι

146 874 286 945 inviam
301 873 503 958 ingressum,
524 871 619 958 prius
645 892 721 936 uam
740 871 925 937 confectum
938 871 1006 937 iter
1020 870 1078 951 sit,
1091 872 1140 959 ‘inu
1172 894 1236 941 ane

146 964 200 1053 rei
221 961 376 1053 publicae
397 966 526 1053 noctem
548 893 736 1024 incitiisset·
750 964 861 1024 tamen
877 979 916 1024 ea
931 959 1163 1026 consolatione
1176 960 1237 1027 snss
1325 960 1331 1041 ,ἓ

147 1058 297 1131 suntor,
327 1068 427 1134 quant
453 1052 492 1111 tu
511 1046 612 1121 mihi,
634 1045 761 1127 Brute,
778 1044 968 1113 adhibuisti
977 1046 1051 1112 'tu'is
1068 1048 1237 1123 eri'aviosi-¹
1324 1074 1329 1125 .·

147 1138 216 1205 nis
236 1136 384 1216 litteris3
413 1133 537 1222 quibua
558 1154 612 1199 me
627 1133 709 1200 forti
728 1133 839 1199 animo
853 1155 930 1201 esse
944 1138 1103 1223 oportere
1117 1156 1237 1217 eeusea

146 1226 229 1307 hee,
257 1220 348 1311 quod
369 1242 409 1287 oe
432 1221 632 1306 gessissem,
663 1218 809 1308 quaeda
830 1240 883 1287 me
902 1221 1005 1287 etiam
1026 1242 1080 1289 me
1098 1226 1236 1301 terente
1322 1228 1326 1281 ἐ

146 1313 225 1402 ipsa
247 1312 470 1397 loquerentur
486 1313 618 1372 mortuo
636 1307 870 1396 viverentque:
894 1330 1000 1395 quae,
1024 1308 1056 1375 si
1069 1317 1165 1385 r'oete¹
1178 1320 1236 1387 es÷

147 1408 222 1481 eet,
243 1398 355 1463 salute
369 1395 422 1460 rei
435 1394 609 1482 publieae3
630 1395 687 1466 siu,
697 1416 812 1475 secus,
833 1394 975 1463 interitu
987 1396 1062 1484 ipso
1075 1398 1238 1465 testimo·
1316 1404 1324 1461 ’.

146 1486 240 1554 nium
254 1504 403 1549 meorum
416 1480 656 1573 derepublioo
674 1481 890 1567 consiliorum
904 1482 1035 1553 damno
1078 1482 1237 1575 xcvll.
1319 1538 1322 1549 .

146 1576 226 1645 831.
256 1570 325 1639 sed
347 1570 382 1636 in
401 1577 437 1635 ta
458 1568 611 1650 intuens,
640 1568 769 1650 Brute,
797 1568 914 1650 doleo,
935 1572 1040 1637 cuins
1062 1571 1238 1639 tontole
1319 1598 1322 1629 ε

147 1659 309 1730 scentiam
338 1678 401 1747 per
428 1656 557 1723 medias
582 1655 704 1723 laudes
729 1658 829 1745 qnasi
857 1656 1032 1745 quadrigis
1056 1658 1236 1726 vehentem
1319 1662 1324 1741 ξ

147 1757 341 1816 transversa
360 1746 505 1812 incurrit
526 1743 650 1810 misera
671 1745 807 1811 fortuna
821 1745 870 1810 rei
884 1744 1050 1835 publicae.
1094 1743 1237 1823 Hie-me

146 1828 384 1920 intertangit,
402 1832 485 1900 haee
498 1846 580 1899 eura
592 1832 770 1913 sollicitat,
790 1839 826 1898 et
839 1833 1081 1914 huuo‘meenm,
1103 1834 1236 1931 socium
1318 1880 1322 1901 .

214 1977 278 2033 ³3⁰.
317 1978 481 2037 amatorum]
503 1977 688 2029 aneatorum
708 1973 1095 2041 muscetanum.
1131 1979 1237 2044 [ligre-

152 2056 157 2063 ·
180 2046 228 2113 gia
257 2046 363 2110 ligura,
393 2058 463 2109 quae
487 2057 537 2096 sue
561 2052 656 2106 sponte
681 2052 710 2095 et
733 2056 843 2094 versum
867 2044 1059 2108 Aristophanis
1082 2046 1153 2111 iiqu.
1173 2048 1236 2101 52⁰.

180 2110 292 2169 πολλῶν
314 2109 369 2182 yoip
388 2108 463 2165 πάνυ
481 2107 673 2180 πειρασάντων
689 2106 789 2180 ὀλίγοις
805 2106 892 2178 eicio
907 2114 1091 2182 auctoratius,
1122 2124 1153 2167 et
1171 2130 1237 2169 sce-

179 2197 244 2237 nam
261 2184 379 2246 Pytinae
395 2180 539 2235 cratineae
556 2183 585 2234 in
605 2183 761 2233 memoriam
777 2190 907 2251 revocat,
929 2196 1063 2247 quamque
1079 2186 1168 2237 totam
1185 2188 1236 2239 de-

151 2292 174 2325 ,,
250 2253 271 2305 't
294 2252 413 2314 scriptor
432 2252 645 2317 Epigrammatis
662 2264 705 2314 ap.
721 2252 830 2302 Sueten.
848 2254 882 2304 de
898 2252 939 2303 ill.
954 2265 1067 2317 gramm
1083 2253 1128 2304 18.
1165 2256 1236 2308 Item

203 2322 277 2373 icero
298 2322 376 2372 finxit
399 2321 579 2385 eloquentiam
600 2329 726 2384 tanquam
748 2321 883 2386 virginem
906 2331 1013 2374 testam
1035 2324 1064 2372 et
1084 2324 1236 2388 diligenter

179 2390 358 2460 custoditam,
385 2393 435 2441 boo
453 2398 511 2457 est,
541 2385 753 2443 assentatores:
780 2392 815 2441 ds
832 2401 884 2455 quo
899 2404 928 2442 v.
946 2390 1064 2444 lacobeii
1081 2392 1188 2456 opusc.
1204 2397 1236 2447 l'.

179 2462 232 2515 lv.
249 2476 277 2524 p·
291 2463 353 2513 ³01.
376 2459 503 2511 ceterum
518 2460 586 2512 lieet
599 2456 716 2511 forsitan
733 2459 872 2526 dubitare,
896 2472 965 2525 qnos
978 2468 1130 2513 amatorum
1144 2464 1236 2528 impe-

171 2540 225 2583 tus
248 2530 345 2581 Gioero
366 2529 543 2593 significarim
570 2542 634 2581 nam
652 2529 782 2591 vulgatos
799 2529 951 2592 scripturae
965 2532 1172 2599 armatorum,
1200 2534 1238 2585 eb

152 2598 311 2659 ‚hambiuo
328 2600 507 2662 Ernestioque
524 2600 684 2661 damnatae,
707 2599 812 2650 frustra
827 2599 1009 2650 defensionem
1024 2602 1151 2665 suscepit
1161 2604 1238 2657 We-

177 2669 291 2725 taelius.
330 2670 388 2732 ugo
411 2670 502 2719 nullos
524 2668 634 2721 invenio
656 2665 711 2716 uisi
731 2668 849 2731 grandes
865 2669 1078 2722 declamatorum
1094 2684 1238 2742 numeros,

151 2774 158 2803 ,-
176 2750 291 2807 quorum
307 2737 455 2801 specimina
470 2737 604 2790 delibavit
619 2738 724 2787 Seneca
740 2738 841 2799 paten]

153 2832 162 2875 .·
190 2816 317 2859 ,monuo
340 2807 533 2871 viverentque]
563 2806 667 2870 Recepi
689 2818 725 2854 ex
749 2807 791 2855 ed.
815 2819 858 2870 pr.
897 2809 1071 2874 mortuoque
1094 2808 1238 2865 eicerent

177 2879 238 2929 edd.
263 2876 358 2940 voigg.
392 2877 484 2928 Minus
508 2875 591 2927 etiam
616 2876 744 2937 probetur
760 2874 880 2926 Ernestii
903 2876 1077 2946 coniectura,
1104 2893 1184 2946 quae
1198 2882 1237 2935 de

151 2960 229 3013 „ese
238 2947 327 2999 etiam
343 2948 459 2998 tacente
474 2946 540 3012 ipae
555 2946 612 3014 loq.
627 2947 799 3011 mortuoque
815 2958 860 2997 me
875 2945 1021 2999 eicerent.

151 3052 172 3073 .-
191 3018 314 3077 ..eeiuteJ
336 3015 427 3067 soluti
441 3017 484 3067 sd.
500 3028 543 3078 pr.

149 3106 185 3149 „5-
200 3085 302 3151 ,(1.97.
315 3087 377 3137 831.
412 3085 568 3144 volentem]
591 3085 736 3136 uolantem
752 3083 845 3135 bamb.
879 3084 934 3134 sed
947 3082 1237 3152 ceberuinequoee

151 3153 302 3219 ,zdmiliter
316 3155 485 3211 conformata
500 3152 653 3205 munierunt
669 3153 754 3217 intpp.
771 3153 899 3215 Appuleii
914 3156 1023 3204 Metam.
1040 3168 1067 3215 p.
1083 3157 1127 3204 11.
1143 3170 1188 3221 sq.

210 3223 311 3286 tangit]
335 3222 417 3289 capit
434 3223 570 3276 Corradus
586 3224 616 3273 et
633 3223 725 3274 bamb.
743 3225 812 3285 quod
823 3232 965 3284 receperat
978 3223 1153 3277 Wetzsllne.
1188 3224 1237 3277 flio

152 3340 156 3345 .
173 3293 282 3359 iliad
298 3295 331 3353 0.
348 3295 463 3344 fratrem
476 3298 510 3360 ³,
528 3295 554 3345 l.
575 3292 627 3344 sed
643 3305 688 3343 me
704 3294 749 3344 ito
765 3303 841 3343 cvra
856 3292 993 3344 sollicitat
1010 3292 1171 3364 cepitque,
1186 3295 1235 3347 ubl

151 3402 159 3413 .
176 3360 363 3425 ebliomaue
378 3362 539 3429 tanqum.
574 3362 688 3421 [Parum
705 3363 877 3414 attenderunt
895 3361 949 3411 viri
965 3361 1037 3413 docti
1053 3363 1089 3413 ad
1106 3358 1236 3418 colloce-

172 3430 274 3482 tionem
291 3432 452 3498 verborum,
475 3444 545 3496 quae
562 3431 635 3494 cogit
649 3431 678 3482 in
695 3434 772 3495 vulg.
788 3430 974 3493 acquiescere.
1008 3431 1079 3482 Nam
1102 3434 1236 3485 solicitu-

153 3501 226 3566 ..do;‚
249 3510 331 3563 quem
347 3513 397 3553 nos
415 3501 529 3553 dicimus
545 3499 710 3567 interesse,
732 3500 861 3569 lebbafte
877 3499 1079 3568 Tdeitnoilms,
1107 3512 1237 3567 bouso·

154 3569 232 3623 ,lum
250 3568 365 3619 debilior
381 3570 527 3630 sedetiam
546 3570 621 3633 prior
637 3577 680 3619 est
697 3571 820 3633 angore]
1250 3586 1253 3591 ·

154 3638 356 3767 wlffino]
384 3650 430 3691 ote
452 3637 606 3693 delevimus
626 3652 662 3691 ex
684 3639 848 3693 anctoritate
869 3637 922 3691 du.
936 3639 963 3691 1.
978 3642 1006 3692 2.
1023 3637 1057 3688 l).
1075 3638 1120 3689 ed.
1139 3610 1187 3705 pr.
1203 3646 1238 3695 et

189 3827 246 3881 tuis
259 3826 373 3889 litteris]
396 3829 433 3881 V.
445 3841 471 3879 o.
484 3834 512 3883 d.
701 3829 831 3883 Horatius
842 3831 927 3881 serm.
942 3828 968 3896 l,
985 3833 1012 3892 6,
1030 3828 1074 3878 13.
1089 3830 1238 3899 sedsed·

152 3897 214 3969 ¹¹ei
232 3901 309 3954 reete
322 3899 411 3958 esset]
435 3898 465 3949 sl
483 3912 530 3951 res
550 3898 659 3963 publica
699 3903 785 3967 pente
808 3900 905 3952 trabit
928 3897 1105 3950 constrictos
1131 3902 1238 3968 picria

136 3972 232 4027 staret.
273 3967 362 4020 liuius
385 3967 467 4031 igitur
488 3970 604 4021 salutem
623 3970 659 4020 ab
700 3982 805 4022 curru.
838 3969 967 4034 Figuram
988 3980 1007 4018 e
1026 3969 1115 4030 poetis
1131 3974 1236 4025 exaul-

134 4035 274 4089 cieeronis
292 4037 432 4101 praeclare
446 4038 549 4104 gestis,
572 4038 658 4089 inter-
699 4036 1236 4107 tanenarravimuslnltioays.l³erleg.

133 4107 202 4157 itum
214 4113 305 4159 autem
317 4118 336 4157 a
348 4116 499 4169 contemptu
508 4107 658 4160 saluberri-
700 4108 761 4159 eet.
784 4107 944 4162 Wstzelius
962 4106 1051 4157 minue
1062 4115 1130 4169 apte
1139 4112 1234 4161 ‚noble

133 4185 238 4228 morum
251 4174 425 4229 consiliorum
437 4177 525 4243 repeti
544 4176 657 4229 volebat
698 4176 781 4229 tradit
807 4178 1006 4228 adolescentem
1031 4176 1240 4239 ardentium.

133 4244 243 4299 Brutus.
698 4245 924 4300 etudlolandibue
937 4244 1135 4311 anhelantem]

182 4310 215 4368 0·
233 4314 280 4371 ⁰7·
295 4314 357 4368 tat.
391 4312 485 4382 [presi
500 4312 654 4383 quadrigis]
741 4308 876 4378 aarum]
899 4313 1031 4373 Auitum.

363 4570 388 4623 'A
