2676 4748
351 280 356 285 ’
459 317 463 322 “
543 304 630 400 cap.
648 308 707 381 es.
727 307 787 383 ss.
1141 312 1208 383 ur

120 500 212 571 ectio
225 499 430 569 clamoribus
443 518 590 589 unquam
606 496 724 567 habite
740 493 937 565 maioribus.
978 497 1060 568 165.
1084 495 1132 567 Et
1150 502 1208 568 ve.
1301 500 1304 505 ·

119 613 160 658 ro
183 591 251 657 luit
270 591 305 655 iu
324 590 387 656 lroc
407 590 509 655 etiem
528 586 704 677 popularis
723 584 826 651 dictio
848 583 1034 652 excellens:
1062 586 1208 656 Antonii

118 688 227 767 geniis
241 675 374 743 dicendi
389 679 496 743 multo
511 678 624 764 aptius
637 672 774 741 iudiciis
789 692 891 759 quum
904 672 1131 746 concionibus.

224 763 339 834 XLV.
377 763 453 830 Hoc
482 767 556 831 loco
586 763 697 849 ipsum
725 760 916 827 Domitium
944 782 1010 827 non
1039 765 1209 851 relinquo.

120 873 199 920 num
213 853 280 918 etsi
294 851 438 918 nonfuit
454 851 490 917 in
501 856 674 917 oratorum
690 868 848 928 numero,
877 855 989 914 tamen
1011 870 1099 937 pono
1120 853 1208 920 satis

120 941 158 1008 in
182 940 349 1007 coluisse
371 939 536 1004 orationis
555 943 658 1023 atquc
677 935 818 1021 ingenii,
847 956 915 1022 quo
929 942 965 1001 et
985 939 1208 1022 magistratus

146 1049 300 1094 creonam
316 1033 352 1092 ct
363 1027 573 1092 consularem
592 1022 788 1108 dignitatem
805 1029 977 1088 tueretucr
1008 1026 1097 1111 qnod
1112 1027 1208 1095 idem

79 1175 83 1181 .
121 1049 166 1181 s‘ie
185 1113 226 1185 G.
247 1111 364 1184 Caelio
386 1112 549 1195 dixerim,
576 1109 778 1178 industrium
797 1108 834 1181 in
853 1130 893 1175 eo
913 1132 1079 1177 summam
1099 1114 1209 1183 fuisse

121 1222 339 1290 summaeque
358 1201 522 1284 miltites,
549 1198 762 1287 eloquentiae
776 1204 925 1280 1661666,
952 1198 1042 1286 quod
1064 1208 1157 1269 esset
1172 1204 1211 1271 in

193 1376 254 1430 165.
290 1386 318 1429 et
332 1379 416 1438 uero]
440 1381 470 1430 et
486 1388 557 1430 cere
574 1376 616 1427 el.
634 1387 676 1438 pr.
710 1366 830 1426 cicero
848 1375 918 1427 666.
1225 1430 1227 1435 ,

193 1448 276 1500 etiam
300 1447 452 1509 pupillaris]
482 1448 528 1497 Sic
551 1446 595 1495 etl.
615 1457 658 1507 pr.
682 1456 745 1495 cum
768 1446 844 1495 codd.
878 1447 909 1496 ct
923 1444 1076 1509 propuleris
1098 1443 1161 1499 inec
1175 1448 1211 1501 ab

156 1516 251 1567 bamb.
268 1517 345 1579 vulg.

190 1582 223 1636 0.
236 1582 280 1636 45.
315 1585 398 1646 pono]
421 1581 467 1634 Sic
484 1582 544 1632 edd.
562 1586 646 1647 vett,
670 1578 689 1630 i.
707 1592 733 1633 e.
752 1587 859 1647 statuo,
876 1592 983 1631 censeo.
1015 1595 1090 1648 pone
1107 1583 1211 1637 corra-

157 1654 224 1719 dus,
252 1654 431 1716 improspere.
471 1653 575 1711 [Minus
599 1651 681 1702 etiam
703 1660 788 1713 opera
804 1650 889 1701 cessit
905 1651 1050 1717 Seliiitzic.,
1082 1653 1123 1703 sic
1140 1657 1212 1705 satis

158 1725 289 1775 audacter
313 1724 402 1772 locum
426 1720 584 1784 relegenti:
613 1733 682 1770 nam
704 1719 759 1770 etsi
782 1732 841 1769 nost
865 1719 896 1769 io
912 1723 1066 1771 oratorum
1088 1737 1213 1777 numero

157 1804 250 1858 porto,
281 1793 379 1842 lumen
398 1793 471 1854 puto
488 1790 562 1840 cotis
584 1787 617 1838 in
638 1800 671 1839 eo
694 1788 787 1855 [uisse
802 1788 967 1840 industriae
983 1794 1071 1858 atque
1084 1792 1213 1858 16666116

129 1854 139 1871 ¹
159 1873 230 1923 quac
254 1855 410 1910 coniectura
433 1871 468 1909 ne
484 1860 575 1909 levem
592 1856 698 1920 quidem
715 1869 827 1908 causam
842 1858 986 1925 relinquit,
1010 1872 1059 1910 cur
1076 1862 1212 1917 Domitius

157 1929 231 1980 inter
256 1929 412 1993 eloquentes
434 1927 511 1977 viros
534 1935 705 1978 memoretur.
752 1926 806 1975 Seii
830 1926 874 1976 bic
898 1928 1023 1990 quonlam
1048 1932 1211 1984 auctoritate

157 1999 274 2061 quadam
297 2006 326 2048 et
348 1996 520 2047 concionibus
540 1996 646 2059 ualuit,
676 1994 1054 2063 616666666666166616616,
1082 2010 1213 2062 quantum
1306 2028 1311 2045 =

158 2066 229 2119 selis
245 2074 320 2116 esset
338 2068 373 2117 ad
389 2068 515 2117 tuendam
531 2065 703 2130 dignitatem,
726 2063 755 2112 iu
769 2064 884 2113 Domitio
896 2065 984 2117 inisse
996 2067 1157 2139 colligebat,
1182 2074 1212 2123 et

147 2147 193 2188 .eo
216 2137 321 2198 quidem
343 2135 522 2202 ratiocinandi
544 2134 638 2202 modo,
662 2142 740 2196 quem
756 2132 864 2184 firment
881 2133 963 2186 etiam
979 2139 1104 2202 exempla
1125 2152 1150 2193 c.
1164 2140 1211 2196 35.

160 2201 204 2256 44.
222 2207 266 2259 77.
282 2204 312 2257 16
328 2204 436 2257 iudiciis
453 2206 487 2256 tle
502 2204 629 2272 Metello,
653 2203 765 2271 Servio,
788 2203 926 2266 Lentulo]

179 2375 359 2437 clamoribus]
394 2370 418 2426 1.
448 2388 474 2427 ei
503 2372 646 2439 plausibus
689 2373 1212 2438 6658.(96.)066111166666666666

125 2448 274 2499 concionis.
319 2445 393 2498 lt'ibil
409 2448 459 2495 boc
481 2458 533 2505 usu
554 2447 646 2497 tritius
689 2446 768 2511 699.
786 2444 851 2495 dicit
863 2456 925 2496 cum
938 2449 1076 2499 consulem
1089 2451 1211 2504 ‹lealle-

127 2517 203 2579 apud
225 2515 432 2578 Quintilianum,
466 2513 582 2565 Plinium
603 2518 646 2573 (v.
687 2510 1212 2577 666611666116666166161661661-
1275 2526 1279 2535 “

125 2584 296 2648 potissimum
314 2587 380 2645 666.
399 2576 504 2647 11,14.
525 2591 595 2635 666.
619 2591 648 2635 et
689 2584 852 2646 emplasse:
873 2586 1112 2654 pomeranicae,
1129 2591 1211 2655 belus

127 2655 213 2705 11666.
226 2653 314 2721 16111,
325 2654 376 2719 5.),
392 2652 463 2704 alios
476 2651 532 2703 illis
545 2665 649 2717 aequa·
689 2650 799 2705 Domitii
811 2664 857 2702 res
869 2664 929 2703 cum
941 2653 1027 2714 patris
1035 2658 1213 2729 confundens,

125 2727 180 2776 les.
522 2752 525 2757 -
691 2722 741 2772 ‘secl
760 2728 909 2785 praeeunte
925 2721 1062 2775 Suetonio.
1103 2725 1210 2780 Censu-

179 2789 239 2843 165.
276 2790 394 2852 [16166]
418 2788 523 2855 idest,
545 2787 646 2841 inviro
689 2804 748 2843 ram
764 2792 825 2841 ‘cum
842 2791 875 2840 1..
895 2787 997 2843 Crasso
1018 2805 1045 2845 e.
1059 2796 1119 2845 662.
1143 2810 1212 2861 ges.

125 2859 309 2927 666νί661666,
333 2873 411 2922 quem
425 2857 647 2911 vestustissimos
689 2861 741 2910 sit:
765 2860 825 2910 cbm
846 2854 994 2912 bratione'm
1006 2860 1035 2912 16
1046 2876 1107 2914 eum
1122 2864 1209 2920 Cras·

126 2927 647 2981 eundemeturbauissimumluisscmi-
689 2942 739 2979 sus
763 2922 855 2979 rabuli
879 2928 1151 2991 mobquemoratarn
1183 2948 1209 2989 6.

125 3009 204 3053 ratur
218 2997 438 3060 0166160611,
455 2996 506 3064 56,
524 2999 599 3058 226]
689 2997 741 3061 44,
760 2992 819 3049 sci.

176 3066 315 3131 popularis
341 3064 436 3129 616116]
467 3063 647 3118 concionibus
740 3066 771 3118 C·
790 3065 900 3127 caelio)
930 3065 1087 3120 (16661166
1105 3070 1210 3127 caldus

124 3144 207 3200 epta:
225 3137 262 3185 ci.
275 3148 299 3185 6.
313 3135 359 3198 76,
376 3132 437 3186 llll.
461 3132 579 3186 crassus
594 3148 648 3187 nou
688 3134 792 3201 primus
805 3136 895 3199 gentis
906 3144 974 3189 suae
987 3139 1021 3189 ed
1039 3143 1211 3201 consulatum

126 3209 215 3259 solum
227 3205 255 3254 iu
268 3203 385 3268 iudiciis,
403 3204 581 3271 utAntonius,
596 3218 647 3255 ve·-
689 3205 830 3272 pervenit,
845 3205 935 3272 inquo
942 3207 1107 3260 nobilitatem
1114 3225 1212 3275 quam.

125 3289 187 3330 rum
205 3274 358 3325 excellebat
371 3273 452 3323 etiam
467 3273 496 3323 16
509 3274 647 3324 concione.
690 3274 735 3323 'vls
758 3278 953 3340 repugnantem
979 3272 1140 3339 superevim'
1169 3284 1210 3338 ci.

95 3390 97 3394 ⁴
130 3384 134 3391 ,
179 3343 210 3395 C.
226 3340 271 3395 45.
304 3341 462 3400 Domitium]
490 3334 538 3392 Cn.
552 3343 647 3394 Domi·
688 3334 769 3394 Verr.
785 3344 821 3410 V,
837 3343 892 3394 iot
918 3345 952 3395 ln
965 3345 1101 3400 tribunatu
1113 3352 1211 3407 eoin

125 3412 181 3465 tius
199 3412 396 3463 Ahenobarbus
419 3411 542 3461 tribunus
560 3414 598 3475 pl.
619 3424 645 3464 a.
688 3415 776 3475 legem
790 3413 976 3479 tabellarium,
1000 3422 1030 3465 ut
1043 3416 1072 3467 16
1086 3421 1211 3473 omnibus

124 3483 188 3535 650.
211 3484 249 3532 bl.
269 3482 375 3531 lunium
396 3479 534 3548 Silanum,
557 3481 647 3545 quiin
688 3481 796 3532 iudiciis
810 3481 1049 3551 ethelbertum,
1067 3489 1138 3554 tulit,
1155 3503 1210 3555 quo

125 3545 398 3603 consularitatis.
422 3549 647 3602 6166666616-
688 3550 792 3600 iudices
817 3558 890 3603 metu
913 3552 1055 3605 liberiores
1076 3559 1210 3625 sullregls

124 3622 190 3683 bros
207 3633 264 3670 rem
276 3620 349 3672 male
363 3625 504 3684 gesserat,
529 3631 647 3670 accusa·
687 3620 799 3669 ferrent.
838 3620 915 3683 Lege
930 3624 1037 3686 perlata
1061 3627 1153 3678 statim
1175 3628 1209 3681 0.

122 3688 174 3741 rit.
205 3691 307 3740 Asccu.
321 3687 348 3736 in
363 3686 553 3738 cornelianam
569 3688 646 3750 680.
686 3686 831 3750 Popillium
847 3687 932 3740 inlus
950 3693 1072 3745 vocavit.
1107 3697 1209 3750 consul

123 3761 200 3811 lieni
209 3760 303 3809 eciem
314 3768 384 3807 enno
392 3758 429 3804 M.
437 3757 551 3807 Aemilio
559 3759 647 3807 scau-
685 3758 782 3809 aabo.
804 3757 966 3822 llispenism
978 3763 1145 3824 provinciam
1157 3768 1209 3819 ed·

123 3841 156 3881 ro
176 3829 247 3893 petri
264 3826 336 3877 diem
357 3825 425 3874 «lixit
445 3827 489 3884 (u.
503 3828 603 3876 Ascon.
617 3823 647 3876 iri
685 3826 861 3878 ministravit.
901 3830 934 3881 In
954 3833 1026 3882 bello
1048 3834 1128 3884 civili
1146 3823 1211 3888 cunr¹

123 3900 221 3959 secer.
235 3899 339 3961 621),
357 3901 438 3957 atque
450 3895 538 3956 legem
551 3896 584 3945 sle
596 3906 645 3945 se·
685 3896 773 3946 llario
786 3897 869 3948 iecit:
888 3895 981 3964 itaque
997 3903 1148 3954 verisimile
1163 3912 1209 3957 esa

124 3966 253 4018 carrociis
265 3966 337 4031 tulit,
355 3971 386 4014 ut
398 3965 564 4032 sacerdotes,
576 3975 646 4027 quos
685 3976 747 4015 eum
761 3965 790 4016 in
804 3967 907 4029 proelio
915 3970 961 4019 vel
972 3983 1021 4031 per
1032 3973 1210 4037 proscriptio·

122 4044 205 4089 antee
217 4036 340 4099 collegae
354 4032 540 4098 siilficiebaut,
555 4044 644 4095 popu·
685 4045 736 4085 nes
754 4036 882 4089 sumnee
900 4039 1069 4090 occubuisse.
1110 4041 1153 4092 (11.
1173 4045 1209 4096 llo

121 4106 167 4155 lus
182 4112 297 4156 crearet.
322 4103 357 4153 V.
369 4101 514 4167 Agrardl,
530 4102 556 4155 7.
573 4102 643 4151 vel·
686 4101 761 4155 Orat
780 4105 814 4172 l,
838 4104 882 4159 25.
914 4107 1060 4161 Drumann.
1078 4110 1162 4165 1.11.
1178 4126 1225 4181 6.χ

119 4173 268 4244 161.11,12.
290 4172 518 4249 succumbenti.
538 4169 643 4223 comui
683 4170 747 4225 409.
953 4182 956 4187 ·
