2676 4748
537 285 702 383 epta
1044 253 1046 260 ’
1113 290 1159 367 a

681 388 690 406 x
759 370 764 375 .

76 478 226 560 uuus,
246 460 365 568 paucio
377 476 591 568 interpositis
605 475 727 547 diebus
741 473 865 545 iteruin
877 470 1159 545 Luelinmmulto
1231 547 1233 551 ,

76 565 278 653 diligentius
299 569 488 654 meliusque
508 565 655 649 dixisse,
681 565 873 653 iterumque
893 563 1009 631 eodem
1025 562 1159 631 modoa

77 655 276 725 consulibus
294 677 366 723 rem
386 655 663 753 eseeprolatant.
703 659 776 719 tum
788 651 959 734 Laelium,
989 674 1064 718 cunt
1082 672 1159 719 eunt
1217 711 1244 725 f,
1317 626 1320 630 ⁵

77 742 165 811 sotii
179 740 313 809 domum
327 741 541 810 reduxissent
554 743 769 828 egissentque
784 739 911 824 gratias
920 781 936 822 ,‹
949 745 986 805 ct
1005 762 1046 806 ne
1065 737 1160 805 dela·

78 832 249 916 tigaretur
264 831 474 911 'oravissent,
501 832 650 896 locutum
671 849 747 895 cese
771 827 838 893 ita:
867 848 905 894 se
919 848 1004 914 quae
1022 827 1161 895 iecisset

77 917 218 987 bonoria
232 940 347 984 eorum
361 939 464 984 cauea
478 916 630 984 studiose
645 921 868 1003 accurateque
883 915 1022 996 fecisse,
1042 913 1103 980 sed
1121 934 1160 981 so

79 1005 245 1071 arbitrari
264 1017 400 1071 eausam
420 1007 515 1072 illam
536 1026 556 1071 a
578 1002 653 1072 Ser.
666 1000 796 1082 Galba,
819 1000 953 1089 quodie
967 1002 1003 1068 in
1018 1000 1160 1069 dicendo

79 1093 266 1178 †atrocior
284 1093 463 1180 ¹acriorque
481 1099 590 1173 esset,
616 1091 752 1176 marius
766 1090 1040 1169 etvohementius
1059 1108 1161 1178 posse

80 1178 236 1262 deiendi3
262 1181 378 1267 itaque
399 1180 604 1247 auctoritate
620 1177 661 1249 G.
677 1175 787 1258 Laelii
808 1176 1005 1266 publicanos
1023 1199 1160 1245 catrsaru
1225 1201 1227 1205 ¹

83 1267 252 1354 detulisse
275 1267 320 1333 ad
339 1267 501 1336 Galbam:
549 1267 608 1336 87.
642 1265 740 1331 illum
762 1273 892 1344 autem,
926 1263 1016 1352 quod
1036 1265 1067 1330 ei
1089 1265 1162 1333 viru

78 1353 330 1421 'succedendum
357 1363 467 1436 esset,
502 1351 686 1431 verecunde
704 1360 740 1418 et
758 1350 954 1418 dubitanter
981 1354 1162 1440 recepisse.

56 1492 59 1496 »
82 1463 185 1515 unum
231 1444 306 1508 ussi
320 1441 632 1531 comperendinatus
648 1439 792 1505 modium
809 1439 897 1506 diem
911 1440 1035 1521 luisse,
1062 1462 1161 1527 quem

82 1536 192 1606 toturn
226 1527 769 1597 *albamineonsiderandacuusa
788 1526 1079 1616 componendaque
1100 1551 1161 1616 po·
1263 1539 1267 1554 '

82 1616 213 1698 suisset
240 1626 275 1684 et
296 1639 370 1683 cum
393 1617 594 1711 cognitiqnis
610 1614 683 1682 dies
699 1621 790 1681 esset
804 1618 926 1703 etipse
941 1615 1092 1682 Rutilius
1107 1639 1164 1682 ro-

66 1705 346 1790 paroemiorum
363 1704 496 1771 dentum
512 1703 554 1770 ad
570 1703 713 1772 Galbam
728 1724 822 1768 mane
836 1704 999 1788 venisset,
1029 1712 1069 1769 ut
1087 1727 1163 1771 eum

84 1791 280 1859 admoneret
299 1800 334 1859 ct
354 1792 397 1859 ad
416 1790 550 1859 dicendi
563 1798 695 1878 tempus
711 1789 912 1870 adduceret,
931 1813 1040 1879 usque
1054 1792 1166 1873 illum,
1230 1810 1233 1818 ·

84 1879 196 1969 quoad
214 1880 246 1946 ei
267 1881 459 1948 nunciatum
475 1881 734 1948 essetconsules
747 1876 979 1961 descendisse,
1010 1882 1164 1949 omnibus
1201 1896 1202 1901 ’
1278 1892 1283 1935 4

152 2055 197 2109 86.
230 2064 287 2108 tum
300 2056 439 2117 Laelium]
459 2069 525 2108 cnm
535 2055 666 2108 Laelium
685 2057 726 2108 ed.
739 2067 780 2118 pr.

153 2127 284 2186 atrocior]
311 2124 356 2176 Sic
370 2127 502 2177 Trillerus
519 2136 547 2177 et
560 2129 745 2179 Buttmannus.
779 2124 966 2177 adbortutior
983 2126 1024 2176 ed.
1037 2141 1078 2188 pr.
1112 2140 1165 2180 or-

117 2196 218 2246 natior
233 2198 279 2245 vel
293 2195 415 2262 fortior,
432 2197 599 2259 superiorum
613 2197 777 2260 quorundam
790 2197 921 2246 editorum
933 2196 1165 2258 interpolationes.

71 2288 74 2292 ·
118 2265 273 2316 ardentior
291 2265 427 2316 Corradus
442 2273 470 2315 et
489 2265 612 2317 Relzius.
646 2265 777 2317 acerbior
795 2264 922 2315 Orellius.
957 2266 1098 2316 audacior
1118 2271 1167 2320 vcl

117 2334 253 2399 asperior
270 2336 403 2384 Moses-us.
437 2335 560 2403 pravior
577 2345 613 2383 ex
626 2337 668 2385 ed.
682 2334 789 2384 Mediol.
821 2335 980 2398 Ernestius,
1004 2336 1048 2386 cul
1068 2351 1166 2402 parum

119 2403 266 2453 convenire
286 2404 355 2467 quod
375 2405 497 2467 sequitur
516 2403 638 2471 provisae
655 2403 789 2473 intellexit
808 2402 892 2452 Orell.
928 2406 1031 2463 [Locus
1051 2409 1167 2457 nondum

119 2479 299 2536 personatust
321 2483 421 2522 norum
443 2480 487 2522 est
504 2472 574 2522 enim
595 2479 623 2521 et
639 2484 735 2536 parum
749 2479 958 2521 consentaneum
972 2475 1103 2525 atrocem
1115 2488 1166 2540 ap-

120 2539 222 2602 pellari
241 2547 381 2591 oratorem.
414 2542 480 2592 Mitti
494 2536 615 2591 codicum
627 2541 654 2590 in
667 2538 792 2601 vestigiis
806 2539 914 2596 latitare
928 2542 1036 2590 videtur
1054 2544 1167 2594 udelri-
1236 2534 1241 2543 ’

28 2658 34 2668 ,
119 2609 199 2729 piper
210 2610 296 2730 tiqpotd
307 2619 383 2740 expet,
392 2610 421 2664 in
434 2610 535 2679 e.25.),
549 2609 609 2670 sive
623 2610 692 2675 quod
701 2607 880 2671 Quintilianus
893 2610 926 2658 de
933 2609 1111 2689 Demosthene
1124 2616 1167 2666 di·

168 2713 178 2747 ,
194 2692 209 2729 a
224 2691 337 2731 rector.

138 2833 248 2884 honoris
260 2844 353 2885 eoram
366 2797 474 2895 causas
494 2832 560 2885 Sive
576 2831 609 2898 ln
651 2830 947 2898 comperendinaretur,
975 2832 1034 2886 dies
1053 2839 1169 2893 debebat

87 2903 608 2967 eornntbonorem(uidenvigopuso.
650 2915 706 2956 una
726 2912 753 2952 et
773 2911 848 2955 certa
863 2904 976 2954 definiri.
1011 2906 1105 2971 ltaque
1118 2923 1170 2962 nee
1240 2902 1246 2914 '

87 2973 215 3038 plotio:
233 2974 444 3037 quatiormulae
458 2973 611 3025 nibilaliud
651 2972 804 3023 dedictum
824 2987 934 3026 numero
952 2976 1110 3028 dubitationi
1125 2981 1171 3030 lo·
1240 2977 1243 2982 ’

53 3044 54 3049 ’
88 3043 185 3092 valent
198 3039 255 3101 uisi
264 3054 364 3105 eornm
379 3055 484 3106 como,
508 3055 610 3093 eornm
652 3053 701 3092 eus
719 3049 762 3090 est
781 3042 909 3110 relictus,
931 3057 1017 3106 neque
1030 3048 1126 3115 video,
1144 3048 1170 3101 st

90 3111 210 3177 pretim
231 3125 284 3162 nuo
295 3111 496 3176 persentiebat·
508 3112 611 3164 ltiteu·
651 3110 710 3161 dies
723 3111 889 3164 trahebantur
900 3111 1010 3177 incerti,
1029 3129 1080 3178 quo
1090 3127 1170 3178 paeto

87 3180 174 3233 subt.
590 3224 592 3229 s
651 3181 1171 3244 concedamuseliquemsitissemedium.

143 3248 187 3301 87.
207 3248 386 3314 unumquasi]
399 3247 609 3300 Unusieredies
651 3250 734 3302 Immo
745 3249 797 3298 fuit
809 3250 1171 3326 tertiussiveperendinoe,
1237 3267 1238 3270 ’

90 3318 376 3379 comperendinationis
389 3320 526 3382 restabat3
547 3331 610 3368 nam
651 3328 703 3381 quo
726 3318 854 3368 iudicium
878 3323 1015 3382 oporteret
1041 3329 1172 3395 transigi3
1264 3341 1266 3345 ’
1317 3355 1323 3368 =

91 3387 174 3455 quasi
192 3389 228 3439 ad
246 3400 337 3437 unum
354 3388 487 3451 pertinet,
517 3388 610 3438 eodem
650 3385 1173 3449 mediusetrtcmiutersecundamactio-

91 3467 175 3506 sensu
197 3467 248 3519 qrro
272 3458 347 3522 fere.
389 3456 434 3506 Sic
455 3456 610 3508 Schittzius.
651 3468 713 3506 nem
731 3463 759 3506 et
779 3457 955 3516 novissimum
973 3461 1042 3512 diem
1059 3465 1171 3517 interle-

90 3525 181 3587 [itanc
195 3523 441 3585 interpretationem
455 3538 508 3577 uon
523 3525 611 3577 minus
653 3534 729 3576 ctus:
752 3528 822 3588 quod
837 3527 1024 3581 brevissimum
1045 3538 1172 3597 temporis

91 3593 263 3646 libetmrleri
277 3607 356 3658 quam
370 3602 545 3645 commentum
558 3595 613 3644 lir-
652 3593 827 3645 intervallum
856 3597 952 3648 merito
979 3611 1032 3659 non
1062 3604 1171 3673 iustam,

90 3661 189 3727 nestii,
213 3663 259 3726 qui
278 3663 349 3713 diem
370 3664 446 3712 illum
465 3664 536 3714 inter
554 3662 611 3727 pri·
653 3664 702 3712 sed
713 3665 870 3716 minutulam
886 3673 913 3716 et
924 3669 1002 3730 quasi
1015 3682 1172 3734 comperen-
1244 3720 1253 3737 ,

89 3744 163 3784 mam
180 3740 208 3783 et
228 3733 344 3784 alteram'
360 3732 490 3783 actionem
504 3739 612 3796 putaret
652 3733 814 3784 dirutionem
844 3740 886 3794 (v.
906 3740 1000 3791 annot..
1015 3739 1045 3790 in
1064 3741 1091 3802 s.
1110 3744 1173 3802 74.)

90 3801 207 3853 medium
219 3802 318 3872 tuisse.
350 3802 453 3852 Vetere
472 3801 612 3865 republica
651 3802 780 3866 implesse
792 3803 955 3864 videbatur]
1230 3797 1241 3807 “

91 3872 203 3922 tametsi
222 3878 343 3934 tempora
360 3870 517 3921 dilationum
534 3877 613 3923 erent
706 3875 832 3922 consules
850 3873 1038 3936 descendisse]
1068 3878 1173 3931 Plinius

90 3939 194 4008 libera,
220 3949 378 4005 poteratque
396 3939 476 3989 iudex
488 3943 550 4004 lege
562 3953 613 3994 sua
653 3940 722 4003 Epp.
735 3942 772 4007 V,
789 3944 832 3996 21.
854 3944 1065 3996 Descenderam
1079 3947 1110 3997 in
1122 3949 1173 4008 bo-

67 4064 70 4081 ,
91 4010 354 4071 comperendinatum
361 4009 612 4070 adimerem-verr.
653 4010 896 4079 adnuntiatione,
917 4015 1091 4082 auditurae,
1107 4018 1175 4082 qni-

92 4077 117 4146 1,
128 4079 187 4147 lt),
204 4080 309 4130 duabus
321 4078 472 4130 actionibus
486 4085 516 4128 ut
528 4092 613 4142 quae·
653 4079 704 4130 beta
721 4081 859 4145 promimus
874 4084 1175 4146 comperendinatione

92 4147 148 4200 etio
160 4148 352 4214 perficeretur:
376 4148 401 4201 ei
420 4154 510 4200 nmen
527 4161 613 4202 causa
653 4151 832 4218 respendere
846 4152 986 4206 debebunt.
1019 4155 1072 4210 libi
1084 4156 1175 4212 dieri-
