2676 4748
582 291 667 384 dap.
688 294 746 370 70.
1135 297 1203 369 20³

119 479 387 551 uenenariorum
414 478 527 547 causis
553 501 614 548 neo
638 480 676 549 in
696 479 864 550 6611166116
888 479 1059 553 senensis
1084 480 1217 554 dciuit.

119 573 202 653 246.
223 567 336 636 Etiam
350 567 398 638 Μ.
413 564 614 650 Pontidius,
641 568 813 659 municeps
829 578 962 651 noster,
989 570 1116 640 multae
1134 572 1205 661 pri·
1254 619 1259 633 .

119 663 358 732 senonenses
381 656 552 737 actitavit,
580 656 737 724 celeriter
754 657 948 725 eanoverba
962 660 1117 741 volvens,
1144 680 1205 727 nec
1261 690 1266 703 ’

117 744 224 826 hebes
246 745 282 810 in
300 742 431 826 causis,
460 744 515 810 vel
535 743 643 812 dicam
666 747 745 834 plus
768 746 871 813 etiam
891 767 990 834 qnam
1010 767 1076 812 non
1089 746 1206 829 hebes,

118 830 185 909 sed
203 828 423 899 effervescens
445 830 480 896 in
499 830 638 899 dicendo
654 833 826 899 stomacho
846 855 947 920 saepe
965 832 1206 922 iracundiaque

121 918 371 986 vehementius:
400 923 441 989 ut
460 940 526 985 non
549 941 625 986 cnm
648 919 843 988 adversario
864 923 994 1002 solnm,
1020 919 1206 989 sedetiam

120 1005 231 1096 (qnod
253 1006 407 1072 mirabile
429 1003 538 1110 esset)
566 1028 640 1074 cum
661 1006 772 1076 iudico
795 1008 890 1096 ipso,
924 1009 1020 1077 cuius
1039 1008 1206 1077 delenitor

121 1116 200 1161 esec
228 1091 329 1161 debet
355 1099 487 1176 orator,
513 1096 624 1181 iurgio
647 1117 747 1184 saepe
766 1092 994 1166 contenderet.
1042 1095 1093 1168 Μ.
1114 1097 1206 1167 Μ66·

121 1182 212 1250 salia
232 1180 341 1249 1611166
360 1189 441 1248 natu
460 1203 558 1268 qnam
580 1203 660 1265 nos,
683 1183 777 1250 nullo
797 1181 896 1249 modo
915 1184 1031 1272 inops,
1057 1182 1207 1253 sednon
1276 1202 1278 1209 ’

121 1269 224 1339 nimis
245 1275 385 1337 ornatus
404 1289 525 1355 genere
544 1270 739 1337 verborum:
775 1268 942 1360 prudens,
979 1278 1116 1354 acutus,
1142 1273 1207 1339 mi·
1279 1319 1282 1325 -

65 1364 74 1375 '
120 1356 211 1424 nime
232 1356 389 1423 incautus
408 1363 589 1445 patronus,
623 1357 789 1424 inermis
811 1356 1050 1444 cognoscendis
1071 1381 1143 1427 com
1166 1383 1208 1449 o·
1230 1393 1233 1409 ι

121 1442 307 1533 nendisqne
326 1443 489 1529 diligens,
513 1445 625 1532 magni
641 1444 788 1526 laboris,
807 1448 934 1512 multae
948 1467 1068 1535 operae
1084 1470 1115 1521 m
1156 1454 1208 1515 ta·
1239 1508 1243 1518 ,

119 1552 466 1620 rumqnecauearnm.
508 1533 586 1604 247.
607 1532 687 1601 Duo
702 1534 802 1599 etiam
819 1530 1208 1613 Metelli‚GoloretNo··
1248 1528 1252 1538 Α

120 1641 205 1710 pos,
235 1620 387 1687 nonnihil
404 1619 440 1686 in
458 1619 571 1689 causis
591 1621 738 1703 versati,
764 1641 825 1687 nec
845 1622 918 1688 sinc
936 1621 1142 1709 ingenioneo
1155 1624 1207 1693 in·
1265 1642 1268 1653 ’

92 1850 94 1854 ,
193 1806 301 1848 snorum
315 1794 545 1862 necessariorum]
568 1799 636 1874 prn-
651 1796 792 1850 delendum
809 1797 1068 1863 presbeterorum,
1089 1801 1208 1863 proban-

158 1871 185 1916 te
201 1865 339 1915 soniitzio.
372 1868 431 1930 Ego
447 1867 540 1918 meiim
557 1878 678 1918 suornm
693 1864 981 1934 necessariorumque
997 1868 1103 1921 cancie
1144 1904 1151 1935 ,

189 1931 252 1984 216.
286 1935 483 1997 effervescens]
507 1938 625 2006 ecfers.
643 1937 685 1987 cd.
700 1947 744 2000 pr.

189 2003 292 2064 solum]
316 2003 435 2055 06661.
455 2018 496 2069 pr.

189 2074 278 2132 esset]
308 2071 356 2123 Sic
379 2075 454 2125 codd·
478 2075 509 2122 B.
533 2072 564 2126 0.
588 2081 616 2124 66
638 2073 681 2124 ed.
701 2081 743 2134 pr.
760 2071 891 2135 probante
908 2070 1020 2124 Orellio.
1052 2071 1209 2129 omiserunt

157 2141 234 2191 codd.
261 2142 296 2191 A.
320 2143 353 2191 1).
377 2152 406 2192 et
428 2149 596 2205 expunxcrat
619 2140 761 2192 Ernestins
779 2155 840 2191 cum
857 2140 983 2194 Grutero.
1016 2143 1146 2204 Equidem
1162 2148 1209 2201 est

158 2211 340 2278 reponendum
357 2211 482 2264 arbitror.
518 2212 563 2272 [id
581 2210 635 2261 dici
653 2209 769 2272 oportuit
786 2211 856 2278 fuit.
888 2211 915 2261 A
933 2221 986 2276 qno
1002 2213 1113 2276 paulurn
1129 2215 1209 2273 aocet
1244 2224 1246 2227 ’

158 2278 347 2331 subiunctivus
364 2278 532 2343 imperfecti:
560 2281 630 2342 quod
645 2278 807 2338 mirareris]

191 2348 336 2408 delenitor]
362 2349 430 2400 ltern
444 2348 485 2399 ed·
502 2360 543 2408 pr.
576 2346 717 2399 delinitor
733 2346 841 2396 Erneet.

177 2414 228 2466 'nn
251 2419 387 2478 Messala]
409 2417 443 2468 A.
464 2416 603 2475 Messalla
618 2417 662 2467 ed.
677 2426 718 2479 pr.
752 2413 862 2478 Sumpsi
878 2413 1036 2468 Messeides
1062 2430 1092 2468 v.
1108 2418 1209 2472 Marini

128 2483 244 2543 'Erat
260 2485 365 2539 Arvali
381 2500 406 2547 p.
420 2485 464 2537 28.
477 2499 517 2548 sq.
575 2496 577 2502 ·

191 2552 253 2607 247.
288 2554 420 2615 nonnihil]
433 2552 440 2562 “
454 2556 531 2606 liano
548 2553 590 2604 ed.
607 2565 649 2616 pr.
667 2549 845 2616 scripturam,
874 2550 910 2600 ab
927 2549 1009 2602 Rivio
1025 2562 1208 2624 praereptam,

157 2635 253 2687 penno,
282 2623 392 2691 opinor,
417 2623 576 2687 repudiabit.
610 2621 702 2684 Vulgo
719 2619 809 2689 nihii,
828 2621 898 2686 quod
913 2620 1058 2676 Ernestius
1075 2623 1209 2676 editores·

157 2704 210 2757 que
227 2701 341 2745 recentt.
359 2694 504 2745 defendero
522 2692 697 2745 conabantur.
895 2716 898 2727 ‹

174 2845 235 2900 246.
268 2852 306 2906 Μ.
319 2849 472 2911 Pontidius]
488 2848 575 2902 Homo
589 2849 646 2899 Ar·
688 2843 779 2898 celer.
813 2845 852 2895 Dc
866 2836 1223 2909 cuinspatredissentinnt-

123 2913 215 2978 pines.
239 2919 305 2970 Eius
319 2921 419 2972 dictum
431 2925 508 2972 extat
520 2921 555 2972 do
569 2920 645 2974 orat
688 2913 808 2967 Orellins
824 2913 854 2964 in
871 2915 1043 2968 onomasticc
1059 2930 1086 2979 p.
1100 2917 1163 2970 107.
1179 2925 1211 2983 ot

123 2982 173 3053 11,
191 2986 234 3037 68.
686 2985 860 3037 Drnmannns
873 2985 905 3034 ’1.
920 2984 999 3047 11.›p.
1011 2981 1055 3036 24.
1080 2985 1211 3040 Interfuit

174 3057 366 3117 1161666616]
383 3058 421 3108 Μ.
428 3055 558 3109 Valerius
570 3057 646 3123 11166-Ι
686 3054 760 3104 telio
766 3052 947 3105 Mithridatico
957 3053 986 3104 in
997 3056 1119 3106 exercItn
1128 3056 1211 3108 Pom.

123 3125 197 3177 salle
216 3127 311 3183 consol
330 3128 430 3176 6693.
455 3126 487 3176 ln
504 3125 646 3188 republica
687 3122 1211 3187 66116688.Ρ666661·6.691.0166·,
1250 3142 1253 3157 ·

123 3195 235 3244 easdem
261 3207 330 3259 qrras
355 3193 454 3247 Cicero
479 3195 646 3263 sequebatur
686 3203 755 3244 rone
768 3193 887 3242 conscio.
908 3191 1048 3243 consula.
1061 3190 1123 3244 694.
1139 3197 1212 3257 opti-

71 3289 76 3298 ·
122 3265 229 3327 partes.
343 3277 345 3291 ·
507 3315 510 3322 ,
687 3263 775 3313 metes
789 3268 897 3311 strenue
911 3259 1039 3311 defendit.
1073 3263 1127 3313 Per
1144 3263 1210 3318 016-

178 3330 271 3382 causis
296 3332 504 3394 cognoscendis]
539 3330 646 3385 Gausa—
688 3330 760 3381 diam
774 3341 921 3389 uxorema.
932 3329 993 3381 695.
1006 3343 1110 3383 veneno
1123 3334 1211 3387 inter·

123 3415 185 3457 rum
197 3402 481 3464 rationessingulares
495 3402 515 3453 ii
529 3401 574 3464 qni
586 3400 647 3452 liti·
688 3401 794 3461 emptus
807 3400 857 3448 est.
892 3399 991 3449 Frater
1003 3403 1093 3453 661616
1104 3403 1164 3454 eius
1178 3407 1211 3466 0.

125 3473 192 3534 gant
212 3471 246 3520 ad
268 3468 372 3519 iudices
393 3472 441 3520 vel
462 3473 497 3522 ed
517 3473 646 3532 patronos
688 3467 824 3520 Caecilius
843 3469 970 3524 Metellus
986 3470 1079 3535 Nepos
1092 3471 1212 3536 Pompeii

125 3541 233 3596 deterre
250 3540 391 3603 dicuntur,
416 3553 528 3602 quorum
540 3543 584 3588 est
597 3551 648 3588 co·
688 3538 742 3589 init
753 3538 860 3600 legatus
872 3537 900 3588 in
912 3539 982 3590 bello
992 3539 1106 3599 piratico
1115 3554 1141 3592 6.
1149 3545 1211 3596 687.

123 3620 262 3676 gnoscere
281 3607 343 3658 sive
362 3608 483 3664 discere.
518 3608 591 3659 satis
604 3613 647 3657 est
689 3606 822 3658 Tribunus
830 3607 866 3668 pl.
878 3609 973 3660 6692.
993 3607 1149 3676 Caesarem,
1164 3611 1211 3676 qni

125 3677 450 3742 oonioaivtsrr.11,2‚
468 3680 513 3728 10.
540 3679 647 3727 Verres
688 3675 830 3738 optimates
857 3687 876 3727 a
900 3677 1025 3740 Pompeio
1054 3680 1211 3736 abadenare

124 3748 226 3801 adesse
237 3746 356 3809 debedat,
374 3748 483 3799 Verres
494 3757 648 3812 copposce-
680 3745 828 3811 studebat,
846 3745 966 3816 adiuvit,
989 3746 1147 3801 ciceronem
1160 3762 1212 3809 aus

125 3818 183 3880 bat,
203 3818 310 3868 Verres
323 3814 475 3869 iudicabat.
497 3813 648 3880 Quintilii,
690 3816 746 3866 tem
770 3814 897 3865 acerbius
921 3818 1103 3880 oppugnavit:
1133 3819 1211 3872 cuins

126 3891 154 3950 1,
167 3890 194 3936 3.
218 3885 401 3937 Prooemium
413 3887 469 3952 est,
485 3884 561 3950 qnod
569 3883 650 3950 epod
690 3886 725 3934 dc
738 3881 883 3935 inimicitiis
899 3886 964 3936 vide
977 3888 1076 3959 leniter
1088 3887 1211 3941 iudicen-

125 3955 264 4019 16616666,
281 3955 452 4021 priusquam
465 3966 582 4007 caueam
598 3967 650 4007 co-
690 3960 746 4004 tem
769 3954 819 4018 Ep.
839 3954 1021 4019 66116667,
1040 3960 1066 4006 2.
1094 3958 1147 4007 Sed
1167 3958 1212 4011 hic

124 4024 277 4092 proserit,
292 4025 398 4090 prosit.
690 4022 802 4084 scripsit
818 4023 955 4073 adversos
969 4035 1030 4072 eum
1041 4021 1212 4079 0166661116·

181 4094 242 4147 247.
274 4093 387 4157 Metelli,
403 4091 484 4142 06161·
498 4094 527 4142 ei
541 4091 647 4152 Nepos]
690 4091 810 4143 tellinanr
823 4090 979 4144 orationem.
1014 4091 1088 4143 idern
1101 4100 1213 4158 praetor

128 4161 208 4215 Prior
230 4160 283 4216 tuit
306 4164 339 4224 6.
363 4161 500 4215 caecilius
520 4161 648 4214 11661166
690 4161 782 4215 iactos
804 4172 831 4212 a.
851 4159 912 4211 694.
942 4162 971 4212 et
988 4157 1084 4214 conetd
1103 4175 1131 4217 a.
1149 4154 1214 4223 697.’
1277 4236 1280 4246 Ι
1323 4204 1326 4210 .
