2676 4748
394 396 397 400 .
501 316 587 413 cap.
606 319 663 395 58.
682 318 742 393 ⁵1.
1095 268 1171 392 ‘ltu

75 509 269 594 inducitur,
296 507 339 578 ad
360 506 573 602 pudendum,
600 507 645 578 ad
663 505 864 601 pigendnm3
898 506 1077 592 irascitur,
1105 511 1170 579 mi·

77 610 197 683 raiur,
227 605 363 689 sperat,
388 600 506 666 timet:
532 601 615 665 haec
635 598 778 688 perinde
800 595 974 677 accidunt,
996 603 1169 667 uteorum

77 691 139 781 qui
159 689 285 757 adsunt
305 693 434 753 mentes
453 687 566 755 uerbis
582 692 617 753 et
632 685 810 753 sententiis
826 691 862 751 et
874 686 1005 751 actione
1020 692 1170 752 tractan-

50 789 150 848 aar.
194 775 277 865 quid
297 782 350 842 est
370 772 462 862 qnod
485 780 681 863 expectetur
701 773 794 840 docti
813 773 956 840 alicuius
977 767 1170 843 sententia?

77 865 172 957 quod
186 865 274 931 enim
287 863 411 952 prohat
426 859 629 943 multitudo,
653 863 715 928 hoc
729 861 817 928 idem
834 860 942 926 doctis
959 861 1170 948 probandum

79 961 148 1022 est.
191 950 348 1038 Denique
364 950 425 1015 hcc
442 951 609 1038 specimen
624 957 677 1016 est
692 953 868 1039 popularis
884 947 1020 1030 iudicii,
1049 950 1085 1016 in
1100 972 1169 1038 quo

78 1036 1172 1211 iiiiii‘iiiiiiiiiiiiiiiiii}itiitii'tiiiit·

81 1215 200 1297 cendi,
228 1215 306 1305 quis
327 1236 473 1302 unquam
499 1236 539 1280 ex
556 1215 610 1280 his
631 1215 794 1281 excellere
814 1212 984 1281 iudicatus
1003 1219 1057 1279 est
1076 1212 1172 1299 uulgi

81 1304 229 1383 iudicio,
258 1302 318 1391 qui
337 1325 404 1368 non
419 1300 506 1367 idem
522 1325 543 1367 a
556 1301 665 1369 doctis
682 1295 906 1391 probaretur?
949 1299 1093 1387 Quando
1111 1323 1173 1367 au·

82 1400 152 1461 iem
168 1391 305 1458 dubium
319 1389 443 1456 fuisset
458 1388 547 1477 apud
561 1398 677 1479 patres
690 1397 846 1470 nostros,
868 1387 1015 1473 eligendi
1034 1390 1090 1456 cui
1110 1411 1173 1478 pa·

83 1481 175 1549 troni
193 1479 332 1546 daretur
349 1478 458 1566 optio,
480 1481 561 1564 quin
575 1484 633 1544 aut
649 1479 834 1545 Antonium
849 1484 983 1565 optaret
996 1485 1056 1544 ant
1068 1476 1174 1546 Grae·

84 1560 185 1637 sumi
227 1566 386 1635 Aderant
411 1566 509 1632 multi
533 1567 623 1633 aliie*
643 1572 756 1632 tumen
779 1573 893 1631 utrum
910 1564 1026 1631 dehis
1045 1565 1188 1655 potina,¹

85 1656 278 1724 dubitasset
297 1653 441 1742 aliquis,
468 1655 549 1740 quin
565 1655 726 1735 alterum,
754 1676 863 1720 nemo.
907 1646 1024 1741 Quid?
1059 1653 1175 1721 adole·

85 1746 258 1812 scentibns
273 1744 458 1808 nobiseum
474 1750 588 1808 essent
598 1740 699 1810 Cotta
714 1748 749 1808 et
760 1741 979 1821 Hortensius,
998 1742 1175 1830 numquis,

86 1836 141 1900 eui
163 1832 297 1919 quidem
319 1831 464 1916 eligendi
487 1838 641 1914 potestas
663 1837 773 1909 esset,
795 1850 995 1918 quemquam
1011 1831 1064 1899 his
1079 1838 1175 1896 ante-

85 1912 256 2012 ponebat?
279 1916 362 1988 ‘LL
384 1924 465 1989 190.
482 1917 573 1984 Tum
588 1916 730 2001 Brutus,
753 1916 846 2006 Quid
860 1925 910 1999 tu,
930 1917 1052 2006 inquit,
1071 1938 1176 2007 quae-

155 2112 218 2166 188.
251 2111 399 2178 irascitur,
422 2110 550 2170 miratur]
579 2109 726 2161 Schitaius
744 2110 882 2174 speciose:
912 2110 1074 2179 irascitur,
1095 2110 1177 2163 miii·

121 2186 223 2251 petar,
254 2190 286 2233 ιιι
302 2183 330 2233 in
348 2182 463 2232 Oratore
480 2193 504 2230 e.
516 2181 560 2231 38
578 2183 623 2231 est
638 2182 820 2247 faciendum,
851 2183 887 2232 ut
902 2182 1053 2234 irascatur
1076 2181 1177 2248 iudex,

120 2254 290 2319 mitipetur,
315 2251 462 2315 inrideat,
488 2252 607 2317 faveat,
630 2253 811 2316 corriemnot,
832 2251 1009 2303 admiretur.
1045 2253 1178 2303 idemm-

120 2336 185 2374 men
201 2322 308 2385 longius
322 2330 484 2384 progressus
497 2327 580 2368 totum
596 2320 683 2368 lucum
697 2322 738 2370 sio
751 2321 923 2383 diffingebat:
938 2322 1061 2388 pendet,
1079 2322 1179 2379 dolet}

121 2392 220 2456 ridet,
242 2390 361 2455 ptoratr
392 2389 492 2458 favet,
516 2388 647 2445 invidete
677 2389 789 2456 diripit,
808 2389 887 2448 odit,·
909 2390 1089 2457 admiratur,
1105 2402 1178 2440 con-

122 2460 237 2512 tentuit.
273 2460 361 2520 [liaeo
376 2457 438 2520 ipsa
453 2457 560 2519 quidvis
576 2457 696 2507 mutandi
713 2458 852 2509 temeritas
868 2471 983 2522 arguere
997 2460 1104 2526 debuit,
1123 2469 1178 2510 non
1236 2462 1240 2472 ‘

125 2538 181 2580 tam
200 2527 363 2591 diligentiam
379 2528 558 2577 membrorum
574 2525 647 2576 inter
658 2540 689 2577 se
702 2529 848 2578 relatorum
861 2541 941 2591 qnam
955 2528 1115 2579 veristeten
1130 2530 1177 2579 at-

124 2596 244 2649 ieotuum
261 2604 290 2646 et
306 2597 532 2660 perturbationem
550 2606 667 2646 coronae
684 2597 819 2660 quaslibet
835 2599 864 2647 in
881 2605 973 2657 partes
985 2598 1178 2649 distrahendas

125 2666 253 2730 spectari.
288 2666 415 2728 inprimis
433 2673 522 2716 autem
536 2664 667 2715 miratur
686 2666 809 2732 animus,
840 2667 884 2730 qni
903 2667 1012 2716 consilii
1027 2669 1074 2716 vel
1089 2666 1178 2719 ratio-

125 2739 170 2788 nis
193 2734 362 2786 incertus'in
386 2736 474 2784 medio
487 2735 673 2803 relinquatur,
701 2748 752 2786 nee
768 2736 916 2786 decernere
933 2737 1082 2804 sustineat,
1105 2736 1178 2786 sitne
1201 2741 1204 2745 '

125 2818 171 2857 res
187 2805 337 2868 probabilis
353 2817 389 2855 an
405 2804 603 2865 improbanda]
1031 2846 1036 2859 .

159 2876 270 2939 perinde
284 2876 326 2934 ιιι]
344 2873 484 2924 'connotat
498 2873 597 2935 aliquis
615 2885 675 2922 cnm
690 2873 820 2924 Lentino
833 2873 967 2939 proinde.
1001 2876 1039 2925 At
1052 2873 1179 2925 differunt

126 2958 195 2995 sane
212 2946 280 2994 haec
297 2942 442 3007 arvernia,
467 2950 562 2993 eontra
579 2956 659 3005 quani
674 2944 851 2993 Ruhnkenius
868 2945 896 2994 in
910 2946 994 2995 Rutii.
1011 2959 1036 3007 p.
1049 2948 1094 2997 31.
1113 2955 1180 2993 sen-

127 3015 181 3075 sit3
213 3013 253 3063 ita
275 3021 380 3076 tamen,
407 3020 438 3060 ut
458 3014 551 3061 multis
573 3010 602 3061 in
624 3012 694 3062 locis
715 3013 781 3061 ninii
798 3014 921 3077 intersit,
948 3022 1035 3065 utrum
1054 3020 1179 3077 ponatur.

16 3118 20 3123 ,
126 3081 271 3141 Proinde,
303 3083 328 3128 n.
346 3093 370 3128 e.
389 3082 535 3131 secundum
552 3083 617 3146 hoe,
645 3082 680 3132 ad
696 3082 822 3132 effectum
840 3085 975 3134 refertur:
1003 3084 1110 3135 diesem
1125 3092 1179 3147 pe·

126 3152 223 3216 maias,
240 3148 369 3215 pleiciier
380 3148 504 3200 Maraeu.
548 3150 675 3200 Perinde
691 3153 767 3202 vaiet
784 3154 819 3202 ad
837 3166 883 3202 res
906 3153 1037 3203 similibus
1056 3168 1091 3203 ex
1111 3164 1181 3203 ceu-

127 3224 168 3272 eis
183 3221 306 3270 iunctas:
328 3232 381 3269 aue
397 3220 462 3271 dem
477 3220 606 3286 pietaten
618 3219 754 3286 Grande,
770 3222 879 3286 perede
892 3223 1016 3279 dorum,-
1038 3225 1116 3274 reiut
1129 3223 1180 3272 noe

126 3294 188 3343 loeo
208 3289 430 3354 interpretemur,
459 3289 492 3339 in
510 3289 646 3356 pieieiem
665 3290 763 3339 Morere
779 3292 831 3340 aie.
866 3292 969 3345 Nativa
992 3292 1075 3357 igitur
1097 3304 1180 3358 pree-

126 3359 269 3426 positionis
288 3359 333 3406 vis
352 3360 434 3408 etiam
450 3358 478 3408 in
495 3359 633 3409 adverbiis
651 3361 788 3421 perdurat.

163 3427 223 3479 189.
257 3440 292 3477 ex
305 3428 360 3487 his]
383 3429 538 3490 [tegendum
555 3440 594 3481 ea·
610 3428 665 3495 iis,
690 3427 854 3478 morellius
867 3429 997 3495 coniecit3
1020 3446 1182 3500 quamquam

128 3497 191 3548 litri
209 3497 348 3559 vuigataiu
365 3505 482 3547 tuentur.

162 3568 297 3625 Aderant]
319 3567 359 3618 At
376 3568 464 3616 erent
480 3566 590 3617 Ernest.
613 3565 723 3614 sentite.
746 3574 857 3626 praeter
875 3565 917 3618 rei
933 3564 1136 3625 necessitatem.

162 3635 226 3699 quin
239 3636 367 3695 aiterum]
394 3635 418 3686 1.
435 3648 459 3684 e.
478 3635 542 3698 quin
555 3636 715 3686 alterutrum
732 3634 877 3693 (Crassum
889 3646 937 3689 ent
949 3642 1111 3703 Antonium]
1128 3641 1182 3692 cii-

127 3712 219 3770 geret,
240 3716 318 3753 nemo
334 3704 493 3755 dubitasset.
528 3704 672 3754 Ernestins
688 3717 727 3755 an
742 3705 877 3756 aiterum.

129 3775 328 3891 ἰοῦιιιιιιιιιιιι]
359 3774 616 3838 promerentes.
633 3786 676 3838 pr.
710 3773 846 3843 Protesi,
868 3778 939 3840 qued
954 3777 1098 3828 limeseina
1115 3790 1181 3830 eon·

172 3855 220 3894 ere
233 3878 241 3894 .

146 3998 313 4058 nectantur]
328 3996 615 4061 inpelluntur-etmo-
657 3995 732 4051 vidc.
771 3999 867 4067 Itaque
891 4000 988 4053 cicero
1019 3998 1183 4061 Quintiliano

92 4073 203 4117 ventur.
236 4064 337 4134 0.-51,
355 4068 417 4117 198.
440 4066 484 4117 eie
497 4079 536 4118 ee
548 4066 615 4118 ani
655 4066 707 4134 XI,
722 4069 747 4134 1,
760 4068 804 4121 85.
820 4084 947 4122 summm
957 4073 1183 4126 tractandorum

16 4152 35 4191 .·
91 4138 293 4188 morummote
305 4136 453 4203 emdur,
466 4136 537 4204 prid
545 4138 613 4188 tra·
654 4138 818 4191 mrum
833 4141 952 4209 artifex
969 4142 1067 4201 dietus.

91 4206 208 4258 ricerdis
226 4204 272 4263 dir
290 4203 403 4275 esdciot
420 4208 544 4261 oratore
568 4206 616 4259 nbi
704 4206 1180 4279 ipsuum-uxcmpronerspecteu
