2676 4748
516 308 684 404 capu.
983 256 989 399 s
1080 308 1152 385 ns

55 508 123 587 sati
136 509 201 579 bos
216 504 338 577 vitium
351 500 431 572 huic
444 502 553 572 uniin
565 502 689 571 bonnm
708 498 938 572 concertabat.
980 500 1060 574 142.
1083 500 1152 570 'ba-¹

55 602 162 671 bebai
176 597 264 664 enim
279 593 391 660 flebile
402 591 563 682 quiddam
572 593 608 659 in
621 590 867 681 questionibus,
880 592 1155 679 aptumquecum

58 688 106 757 ad
117 687 220 756 iidem
234 681 421 750 faciendam
434 689 507 747 tum
523 678 568 746 ati
579 678 845 746 misericordiam
860 676 1150 747 commovendam:
1215 752 1222 765 ἱ

58 785 110 845 ut·
121 793 240 843 aarum
262 769 438 837 vitiaretur
457 769 493 834 in
514 770 578 835 boc
591 766 698 849 iliud,
710 765 810 855 quod
824 765 1086 834 Demosthenem
1100 764 1154 839 ise·¹

57 870 144 933 runt
162 862 196 928 si
216 858 277 948 qui
299 855 543 945 quaesivisset,
571 854 655 960 quid
670 856 814 944 primum
835 860 928 920 esset
940 854 975 919 in
999 851 1155 935 dicende,

59 952 249 1029 actionem
270 944 353 1032 quid
365 942 561 1024 secundum,
580 942 686 1024 adem3
708 941 841 1009 etidam
854 942 996 1008 tertium
1011 963 1156 1030 respon«.-

61 1038 172 1109 tiissa.
212 1035 308 1102 nulla
320 1054 377 1100 res
392 1033 501 1118 magis
514 1038 672 1124 penetrat
686 1030 723 1097 in
734 1031 883 1113 animos,
903 1051 1029 1120 sosque
1043 1030 1156 1117 fingit,

124 1212 324 1273 'eonvsnsbetJ
347 1211 394 1263 Sic
417 1211 499 1263 otiam
521 1211 564 1261 eti.
588 1222 629 1272 pr.
662 1207 763 1264 Rarior
784 1207 970 1277 significatus,
993 1208 1095 1261 omisso
1110 1220 1157 1277 se,

98 1286 134 1337 tie
155 1296 208 1349 qao
225 1283 293 1333 dixit
309 1280 433 1341 breuius
455 1281 484 1332 in
502 1280 563 1330 iim.
580 1281 615 1329 tie
631 1278 701 1330 anto
718 1292 743 1329 e.
759 1279 787 1331 7.
803 1292 857 1331 neo
873 1280 905 1330 in
916 1281 1026 1346 fatuum
1047 1292 1065 1332 e
1082 1291 1157 1332 cero

97 1344 267 1421 praeterito
287 1353 411 1416 possunt
432 1350 616 1401 conuertere.
663 1347 851 1409 [Potissimum
874 1361 941 1400 vero
974 1350 1157 1401 consulendus

100 1424 198 1475 Garat.
220 1421 249 1472 in
266 1418 360 1471 Plane.
378 1420 423 1470 20.
449 1432 509 1469 cum
527 1417 625 1469 Orellii
647 1417 784 1469 auctario:
816 1418 886 1468 nude
909 1426 1074 1481 cognoscere
1089 1418 1159 1468 lieet

100 1493 184 1544 ctiam
201 1490 312 1541 Celsum
331 1496 360 1539 et
377 1489 497 1539 Gellium
519 1490 588 1539 bano
605 1488 768 1538 brevitatem
785 1499 848 1537 esse
865 1490 1009 1550 sectatos]
1032 1498 1159 1541 macer-

101 1561 220 1617 tsbutur
237 1558 393 1626 Manutius,
414 1556 548 1609 uertebat
565 1568 600 1606 ox
616 1567 690 1606 more
709 1556 819 1619 rugari
834 1557 929 1607 hamb.
1138 1594 1143 1603 .

136 1628 198 1682 tta.
232 1628 432 1691 questionibus]
457 1624 590 1689 Agnoscit
613 1626 655 1674 ed.
677 1637 718 1686 pr.
751 1627 806 1675 sed
821 1626 968 1676 Lambinus
991 1632 1020 1675 et
1036 1623 1160 1677 oremus

72 1696 75 1701 ’
103 1691 649 1831 ititwitiititiii‘ttii
663 1692 1163 1830 iitisi‘ts¹¹tit⁰⁸tt³ttt“t

314 1797 324 1822 a
772 1794 779 1808 ·
812 1795 819 1809 ·
869 1796 878 1829 p
945 1794 953 1811 ·

105 1835 162 1888 tiici
178 1837 248 1885 solet
265 1833 353 1884 oratio
368 1832 569 1883 miserationem
585 1830 736 1880 auditorum
752 1837 876 1893 captans.

138 1904 229 1968 tingit]
247 1903 344 1970 tnnpii
360 1902 486 1963 Purgoid.
524 1901 657 1959 [Pratum
674 1906 861 1950 commentum.
893 1898 974 1963 Fingi
989 1899 1082 1967 meliis
1097 1910 1161 1953 ma·

105 1973 177 2026 teria
192 1973 306 2040 dicitnr,
323 1972 401 2019 velut
418 1981 499 2035 cera,
515 1981 597 2033 ¹quatu
615 1968 735 2019 artifices
751 1969 779 2018 in
795 1970 898 2020 formas
915 1977 1065 2033 cognatae
1082 1969 1162 2034 aigo-

103 2054 167 2094 rsre
183 2042 281 2095 uotint.
315 2038 430 2089 Servius
447 2040 492 2095 (ut
509 2040 558 2089 boo
575 2038 697 2097 utamur)
714 2037 743 2089 in
759 2040 830 2090 Aen.
844 2039 933 2106 viii,
947 2036 1008 2089 634.
1031 2039 1162 2107 Finem

105 2115 205 2167 tumen
225 2113 256 2161 et
273 2110 408 2176 formare
425 2107 532 2173 aliquid
557 2109 587 2160 et
610 2106 650 2158 oti
670 2106 819 2175 intepram
843 2109 949 2176 faciem
964 2110 1033 2160 arte
1047 2100 1163 2174 pertiu-

108 2193 177 2233 eere
199 2177 365 2246 sipnisieait
392 2176 460 2228 inse
477 2175 595 2242 micres
612 2177 772 2245 dicuntur,
796 2178 845 2244 qui
860 2177 999 2246 imupines
1013 2181 1061 2230 uei
1076 2179 1164 2247 “pita

106 2263 148 2305 ea
174 2261 245 2301 aera
267 2250 315 2299 oei
335 2257 406 2298 cero
429 2247 553 2313 fumant.
587 2247 644 2296 iios
671 2248 797 2298 similiter
819 2247 996 2313 beurbeiteu,
1017 2246 1163 2313 siquando

107 2319 226 2372 callidus
244 2319 393 2368 animorum
412 2318 611 2367 tractandorum
628 2323 720 2366 orator
737 2329 834 2367 sensns
849 2319 877 2367 in
893 2318 1039 2379 quamlibet
1055 2318 1163 2381 partim

60 2386 65 2401 ¹
108 2388 200 2451 ducit3
227 2386 327 2437 Graeci
345 2378 478 2436 πλάττειν
495 2380 528 2436 τὸ
545 2378 640 2451 σῶμα,
662 2380 715 2450 τήν
730 2379 842 2452 φωνήν.
862 2380 913 2440 saie
928 2381 1029 2451 ψυχάς,
1049 2396 1162 2440 anctore

108 2456 279 2523 potissimum
294 2456 408 2507 Pictone
423 2455 500 2516 (viis
516 2456 564 2506 vei
579 2453 776 2507 nobilissimum
787 2454 888 2505 uictum
899 2455 983 2519 Gorg·
997 2470 1023 2519 p.
1029 2453 1090 2507 483.
1097 2456 1145 2518 Ε.)
1150 2471 1162 2525 3

77 2594 202 2664 adsunt,
224 2603 304 2644 meus
320 2593 373 2644 aui
395 2593 494 2643 cultus
509 2593 601 2644 moles
642 2605 677 2645 ac
692 2593 781 2643 ionem
798 2591 826 2643 in
841 2599 981 2654 utramque
996 2592 1102 2656 portent
1117 2592 1163 2645 in-

77 2666 173 2730 etior,
207 2664 262 2715 ant
288 2674 349 2713 coa
378 2661 599 2714 irttnicteration
641 2663 813 2728 flexionem),
838 2664 1049 2727 supplosionem
1077 2663 1165 2729 pedis

77 2735 198 2800 aliqua,
227 2733 280 2784 oui
297 2731 435 2797 denique,
459 2733 536 2798 quod
550 2733 601 2784 ni·
642 2740 687 2799 et,
705 2732 937 2795 quocinpeitbus
950 2732 1098 2795 impensius
1111 2735 1165 2786 ob:-

76 2804 166 2859 miutn
179 2802 402 2867 eti,.iaoinntior
414 2805 511 2867 pestus
521 2802 600 2870 fuu-
642 2802 819 2868 servabatur,
842 2803 953 2853 statuat
973 2805 1004 2854 et
1019 2802 1163 2856 ineesm

76 2888 111 2927 se
126 2873 273 2925 videniur.
307 2872 365 2922 lam
381 2873 514 2921 Antonius
535 2880 600 2924 tan·
643 2872 783 2924 artificem.
826 2872 922 2933 ltaque
943 2871 1010 2923 nibil
1031 2881 1075 2922 eet
1092 2875 1164 2938 quoti

78 2953 136 2995 tum
155 2942 225 2993 stuta
248 2942 283 2993 ab
301 2940 350 2991 iiia
371 2947 490 2991 motuum
508 2941 600 2992 sceni-
642 2942 670 2993 in
687 2941 729 2991 bia
746 2941 852 3004 quitiam
869 2940 962 2992 verbis
979 2946 1165 3008 reprebenda-

78 3025 172 3069 ooratn
186 3011 264 3073 qnasi
279 3010 453 3076 loquacitate,
470 3023 539 3072 ques
550 3013 601 3059 iis-
643 3012 727 3069 mun]

78 3096 118 3136 xu
134 3079 248 3144 capitis,
267 3091 410 3145 manuum,
428 3080 522 3129 vuitus
536 3093 602 3131 eae-
697 3076 757 3131 142.
775 3074 879 3140 iisb'ile]
893 3078 1003 3140 Quintil.
1015 3081 1066 3149 xi,
1078 3085 1104 3149 8,
1117 3080 1164 3134 bb.

78 3154 142 3203 dem
158 3161 243 3199 voces
260 3161 307 3211 pro
329 3148 440 3198 arititrio
460 3151 531 3198 sciet
547 3162 602 3201 va·
643 3150 834 3203 suadentium
841 3150 1054 3200 simonentium
1063 3151 1167 3217 ιτροῐ·

78 3221 155 3275 niara
179 3225 209 3268 et
233 3219 430 3279 spectatoribus
450 3218 603 3270 minutatim
643 3218 795 3270 licentium
819 3220 849 3270 st
871 3221 1082 3271 consolantium
1102 3234 1165 3275 ooo

79 3294 221 3349 euentura
237 3287 363 3347 (Quintil.
381 3288 425 3352 x,
443 3288 469 3354 5,
488 3291 514 3338 b.
538 3289 602 3338 soii.
644 3288 764 3356 praem,
787 3288 819 3337 in
837 3289 916 3338 metu
936 3290 967 3340 ei
987 3292 1167 3345 uerecundia

80 3359 133 3422 lx,
142 3354 170 3422 i,
182 3359 209 3411 7.
222 3368 401 3423 ornatorum
413 3356 488 3424 soni,
502 3364 604 3423 mam·
646 3358 818 3423 contractu,
834 3358 1084 3411 autortattontttu
1098 3362 1167 3427 sos·-

80 3439 168 3495 quam
182 3427 271 3478 cerba
285 3439 343 3476 non
355 3427 556 3492 exprimunt),
573 3434 603 3476 ut
646 3429 696 3492 tis,
713 3426 955 3489 disputationibus
971 3430 1060 3496 teres,
1078 3431 1168 3483 miss·-

81 3501 202 3563 pontiera
217 3496 506 3567 sententiarumxgestn
525 3496 603 3547 bebi·
645 3495 806 3547 rationibus
813 3497 894 3561 fleca
906 3500 935 3548 et
941 3498 1043 3563 flebitis
1054 3503 1085 3553 et
1097 3514 1169 3552 con·

82 3575 164 3631 tuque
181 3566 324 3629 diligenter
342 3572 505 3625 temperaret
523 3574 603 3629 atque
646 3568 723 3617 suite
740 3567 824 3631 quasi
838 3566 998 3620 obscurior.

81 3635 259 3688 illuminaret.
283 3636 344 3684 lius
362 3641 451 3684 autem
468 3635 493 3683 is
509 3637 604 3685 conte·
700 3636 918 3696 Demosthenem]
931 3636 1054 3689 Ciceroni
1063 3649 1168 3688 mento-

81 3706 162 3757 rebat
178 3706 255 3755 dotes
271 3711 416 3766 externas,
432 3705 529 3766 quibus
544 3705 604 3753 eic-
646 3703 715 3756 riam
728 3704 904 3772 imposuisse,
920 3719 982 3757 cum
996 3719 1167 3774 responsum,

83 3775 194 3838 quentia
211 3776 334 3825 Romana
350 3772 487 3825 nitebatur
508 3776 552 3833 (ν.
570 3774 605 3822 ao
647 3775 717 3837 quoti
747 3774 781 3823 ab
806 3776 961 3825 Andromao
994 3777 1167 3827 Demostheni

84 3845 160 3894 oret.
174 3844 227 3909 111,
241 3844 284 3894 69.
301 3842 375 3891 inira
391 3840 468 3893 eta.
482 3841 525 3891 80.
553 3844 606 3891 se-
647 3843 787 3905 quaerenti
802 3845 893 3895 mium
910 3852 999 3911 esset,
1025 3848 1060 3898 ed
1077 3847 1168 3908 ipsum

84 3925 144 3965 uec.
162 3912 250 3975 Epist·
267 3908 311 3963 75.
339 3909 448 3970 Quintil.
472 3911 530 3976 xl,
551 3914 604 3977 3.),
646 3912 852 3963 Demosthenem
884 3915 1020 3980 referret,
1050 3915 1168 3966 sensuit

83 3995 186 4034 manns
199 3983 397 4043 (ie-mannum
407 3978 604 4047 iactationem),
647 3981 775 4032 osannae
792 3982 820 4030 in
833 3982 1068 4047 Analectisp.10.
1091 3984 1168 4036 idem

82 4052 220 4102 bumeros
240 4053 346 4108 [rectos
363 4049 426 4097 iiios
443 4060 495 4096 nee
512 4049 605 4099 detor·
647 4058 737 4099 tamen
754 4052 861 4112 repetiit
878 4051 974 4100 Cicero
997 4052 1024 4101 in
1043 4054 1118 4104 Orat
1141 4066 1167 4103 c.

82 4133 159 4186 mes,
187 4122 251 4171 item
268 4122 366 4170 deuote
384 4125 448 4178 toga
464 4119 605 4184 vestitos),
648 4120 691 4182 17,
711 4118 1168 4188 bn.v.ue0rat.1ii,56‚2is.

82 4192 182 4245 lutera
204 4190 240 4252 ti.
263 4203 288 4241 e.
311 4187 466 4241 firmitatem
487 4186 605 4266 laurum
645 4200 727 4252 quern
743 4189 864 4253 sequitur
880 4189 991 4250 Quintil.
1003 4190 1061 4259 xl,
1073 4197 1108 4263 a,
1120 4196 1148 4245 a.
1171 4222 1174 4227 -
