2676 4748
103 289 229 362 ts.
340 271 345 302 '
525 261 770 365 nuurusss

105 485 143 546 'et
163 476 201 545 id
218 476 330 564 ipsum
351 473 419 541 uisi
439 473 539 543 unius
553 482 653 547 &esset
669 470 770 541 Ennii
789 473 982 547 testimonio
1006 473 1191 560 cognitum,

105 567 194 634 huuc
206 570 359 641 vetustas
370 569 410 628 ut
425 562 511 633 alios
524 564 671 630 fortasse
684 563 810 631 multoe
824 563 990 630 oblivione
1006 563 1191 635 obruisset.

104 653 207 723 Illius
222 660 333 718 autem
350 649 472 719 aetatis
487 652 548 740 qui
566 671 677 717 sermo
692 650 813 730 fuerit,
840 673 881 717 ex
898 650 1082 718 Naevianis
1104 650 1191 719 scri·

104 742 177 832 ptis
189 738 334 823 intelligi
348 738 479 828 potest.'
516 739 570 805 hie
586 740 672 805 enim
687 737 893 819 consulibus,
914 747 954 804 ut
969 739 1004 805 in
1017 738 1190 807 veteribus
1205 756 1209 763 '

103 825 355 896 commentariis
369 825 533 914 seriptum
547 830 620 905 est,
640 825 792 894 Naevius
804 834 859 893 est
870 834 1043 893 mortuus:
1071 848 1191 914 quam-

103 938 206 1006 quam
218 915 332 982 Varro
346 922 479 996 noster,
509 912 790 999 diligentissimus
803 915 1024 1000 investigator
1042 915 1191 1002 antiqui·
1231 953 1235 961 ·

104 999 206 1084 tatis,
232 1009 331 1092 putat
356 1001 390 1066 in
415 1003 478 1067 hoc
499 1009 667 1082 erratum,
686 1003 865 1090 ¹vitamque
884 1001 1007 1071 Naevii
1028 1001 1190 1090 producit

52 1111 54 1119 ⁴
103 1093 250 1179 longius.
293 1111 369 1155 nam
382 1085 529 1155 Plautus
542 1086 583 1156 Ρ.
599 1087 759 1171 Claudio,
780 1089 827 1165 L.-
845 1087 967 1157 Porcio
986 1089 1107 1175 viginti
1129 1110 1190 1159 an·

102 1181 251 1269 uispuet
261 1176 352 1258 illos,
369 1199 457 1264 quos
468 1182 546 1251 ante
560 1175 642 1260 dixi,
664 1176 860 1248 consulibus
874 1185 1026 1246 mortuus
1039 1183 1105 1262 cst,
1119 1177 1189 1250 Ca·

101 1276 182 1336 tune
196 1287 346 1335 censore.
424 1314 426 1318 ι
493 1286 495 1289 ·
705 1308 709 1313 ·

144 1414 148 1421 .
177 1357 261 1427 ··dI.
290 1351 388 1418 Hunc
401 1350 509 1436 igitur
521 1349 705 1438 Cethegum
719 1359 917 1422 corisecutus
931 1358 985 1419 est
998 1358 1108 1421 aetate
1121 1350 1190 1424 Ga·

105 1451 161 1524 to,
173 1511 178 1519 ,
190 1443 249 1531 qui
268 1440 364 1505 annis
383 1462 433 1506 rx.
454 1447 533 1530 post
547 1463 622 1506 eum
639 1441 705 1506 fuit
719 1441 847 1509 consul.
889 1463 964 1506 eum
983 1448 1096 1509 noeut
1109 1465 1189 1533 per·

101 1528 250 1615 itteram
270 1527 451 1611 hahemus,
476 1527 535 1615 qui
549 1526 592 1598 L.
606 1526 754 1610 Marcio,
780 1527 895 1596 Manio
909 1528 1050 1597 Manilio
1064 1551 1189 1599 cousu-

174 1706 204 1761 in
220 1703 406 1759 veteribus-
420 1707 478 1768 est]
502 1706 537 1758 ut
554 1705 700 1758 ueteribus
718 1706 933 1759 conmentario
948 1706 1092 1774 seriptum
1109 1708 1188 1762 inest

135 1779 338 1905 ‘deliciatum
363 1807 488 1895 iiieudum
504 1843 564 1894 edd.
585 1845 678 1909 vuigg.
698 1857 733 1896 ex
751 1845 826 1898 maia
845 1843 994 1909 compendii
1006 1800 1084 1899 cosei
1094 1844 1186 1910 expli-

114 1935 124 1975 ι
135 1917 243 1969 catione
254 1921 362 1966 namu:
383 1912 514 1966 emmeles
530 1914 572 1967 ed·
585 1928 627 1976 pr.

153 2071 183 2122 in
224 2068 363 2121 veteribus
408 2067 622 2136 commentariis]
665 2068 865 2129 comparatione
894 2068 994 2122 aetatis
1025 2068 1127 2121 Naevii
1156 2073 1186 2120 et

99 2139 196 2193 nonne
227 2137 433 2190 commentarios
468 2137 623 2203 pontificum
663 2132 754 2205 Platiti
767 2147 865 2190 motus.
899 2140 966 2191 Cum
979 2136 1050 2189 enim
1060 2139 1184 2207 Plautus,

63 2209 64 2212 ’
100 2212 164 2275 sive
182 2212 304 2259 Annales
327 2206 459 2259 maximos
484 2207 624 2274 iutelligit,
664 2208 710 2270 qui
723 2208 822 2258 Naevii
833 2209 887 2259 fuit
900 2209 1031 2272 aequalia,
1049 2219 1120 2259 anuo
1135 2210 1184 2259 dc-

100 2281 135 2330 de
148 2280 245 2342 quibus
257 2278 285 2327 in
299 2291 323 2326 c.
333 2276 379 2342 14.Ι
388 2270 526 2329 diximus?
554 2277 623 2325 Item
662 2289 734 2327 mum
753 2277 815 2329 570.
839 2277 997 2329 P-Giaudio
1018 2277 1134 2328 Pulchro
1150 2279 1183 2328 Ιι.

100 2349 179 2414 c.18,
191 2350 236 2399 72.
253 2350 282 2400 et
294 2360 346 2397 coe
359 2347 391 2396 tn
401 2345 531 2412 antiquis
543 2358 623 2397 cum*
663 2345 759 2398 Porcio
773 2347 867 2398 LicIuo
879 2358 949 2397 cass.
961 2348 1073 2413 obisset,
1086 2349 1120 2398 ab
1131 2360 1184 2397 ve-

99 2416 439 2470 meatoriisinceaimoe.·
456 2415 622 2476 [Fidemex-
662 2415 861 2467 insimilitudine
887 2419 999 2479 putabat
1027 2418 1182 2485 abhorrere,

99 2488 181 2552 cedit,
199 2487 344 2536 Pontifices
357 2499 422 2547 cum
431 2485 564 2535 homiuum
573 2485 621 2534 lit-
662 2484 813 2552 Naevium,
834 2486 997 2550 quiquidem
1012 2498 1096 2537 senex
1107 2498 1183 2537 mor-

98 2565 247 2608 tertiorum
260 2564 359 2606 mortes
371 2555 621 2606 tumobitumNae-
662 2564 725 2605 tuus
747 2562 822 2605 esset
844 2553 915 2616 (Cic.
935 2552 995 2608 Cat.
1014 2554 1089 2622 id),
1114 2555 1183 2617 ipsis

99 2627 156 2694 vii,
185 2624 282 2689 poetae
308 2626 396 2676 equIs
415 2632 444 2673 et
461 2624 622 2674 mediocrem
660 2623 1097 2688 vigintiauuispriusdecessissc·
1114 2626 1184 2676 liam

15 2712 16 2716 ¹
99 2699 202 2749 ianam
214 2695 313 2761 adepti,
331 2693 529 2744 commentariis
543 2704 622 2743 men·
662 2693 980 2759 quodpleripueputant,
994 2694 1190 2745 ciceronisiI-·
1231 2689 1240 2699 '

98 2769 192 2818 dasse.
232 2764 363 2827 Equidem
384 2763 533 2813 rationibus
554 2763 621 2812 sub·
660 2765 687 2815 lo
695 2763 754 2811 ioco
762 2763 916 2829 innitentes,
935 2765 1034 2814 ceteris
1043 2763 1183 2814 eiusscri-

98 2835 197 2888 ductis·
206 2835 310 2882 uuilum
325 2831 416 2881 inveni
428 2832 462 2880 de
474 2831 517 2878 Iris
533 2842 620 2881 anna·
661 2832 716 2894 ptis
728 2832 807 2896 longe
818 2831 993 2914 praestitisse
1008 2834 1113 2885 Bellum
1126 2832 1183 2886 Pu·-

97 2905 166 2956 Iium
187 2901 379 2966 scriptoribus,
403 2899 447 2962 qui
464 2899 620 2950 memoriam
662 2901 768 2950 uicum:
793 2899 888 2951 cicero
899 2912 952 2951 uon
965 2896 1031 2952 dicit
1046 2903 1182 2954 Naevium

98 2973 181 3023 istIus
208 2971 250 3019 rei
274 2968 440 3032 propagasse
464 2969 619 3018 videretur:
662 2971 781 3020 carmine
803 2977 853 3019 sud
870 2970 959 3034 magis
973 2973 1104 3024 laetatum
1119 2986 1183 3025 esse

97 3042 154 3094 uisi
179 3041 251 3090 forte
278 3039 399 3102 ponimus
424 3035 546 3086 Clodium
571 3039 619 3087 vel
660 3039 865 3101 quamreliquis
880 3041 1182 3110 operibus,·sedgavi-

97 3109 240 3161 claudium
261 3107 475 3169 Quadrigarium.
524 3106 621 3168 Itaque'
662 3121 721 3159 sum
732 3119 765 3157 eo
776 3116 874 3171 magno
885 3117 984 3180 opere,
1007 3114 1077 3177 quod
1096 3125 1182 3163 senex

96 3181 169 3230 Iraud
189 3177 247 3227 scio
263 3191 299 3229 au
310 3179 377 3227 Attii
392 3175 565 3228 Didascalico
579 3176 618 3223 si·-
660 3178 864 3238 composuisset.
1070 3190 1074 3198 ·

97 3248 275 3312 gnificeutur,
292 3249 325 3297 de
340 3248 436 3310 qiriisus
448 3252 524 3305 extat
539 3246 619 3296 docta
713 3248 816 3311 Varro]
842 3247 944 3297 Naevii
964 3249 1048 3301 vitam
1068 3258 1181 3300 enarra-

80 3309 231 3379 ‘Madvigii
262 3317 423 3378 disput-atio:
457 3314 619 3378 praesertim
660 3313 803 3366 virvarro
815 3315 933 3369 inlibris
952 3321 987 3368 de
1005 3315 1111 3384 Poetis,
1134 3319 1183 3382 qui

97 3399 159 3435 cum
174 3391 202 3437 ct
213 3384 308 3435 cicero
320 3387 361 3435 liis
377 3387 476 3435 diserte
491 3397 518 3451 c.
530 3384 573 3435 18.
590 3392 618 3432 et
661 3385 826 3435 Graecorum
839 3383 1069 3451 Romanorumque
1085 3395 1181 3448 poeta*

96 3457 141 3506 64.
163 3461 271 3517 utatur,
300 3461 328 3504 et
346 3456 466 3507 narratio
483 3453 617 3506 Varronis
660 3468 719 3506 rum
734 3454 904 3505 continebant
917 3457 1063 3509 historiam.
1087 3457 1182 3510 Pauca

45 3550 49 3571 t
96 3524 169 3586 apud
182 3523 253 3571 Geli.
268 3523 324 3588 III,
342 3527 368 3574 3.
388 3525 455 3575 satis
475 3531 572 3588 arguat
589 3523 618 3572 in
660 3530 806 3585 supersunt
823 3525 991 3588 fragmenta:
1020 3534 1048 3576 et
1065 3526 1181 3577 alterum

95 3588 155 3645 iata
181 3591 331 3640 litterarum
357 3594 514 3644 Latinarum
536 3595 618 3656 paulo
658 3594 766 3658 quidem
784 3595 853 3657 quod
871 3602 914 3644 est
934 3596 968 3645 de
982 3595 1087 3647 Naevio
1104 3605 1181 3647 extat

95 3661 230 3714 curiosius
244 3661 348 3710 Attium
361 3662 556 3724 iniquisivisse]
659 3663 730 3726 apud
743 3662 860 3712 Gellium
873 3663 972 3731 xvii,
989 3666 1032 3715 21.
1049 3676 1129 3728 porro
1146 3666 1181 3716 de

149 3729 274 3781 Naevius
295 3736 337 3778 est
355 3733 490 3798 mortuus]
522 3732 617 3782 Cicero
658 3734 759 3798 Ennia,
783 3732 923 3783 incudem
937 3732 1019 3784 Gellii
1030 3737 1107 3799 Ioco,
1130 3736 1181 3785 dc-

94 3799 230 3853 Naevium
240 3797 357 3862 Cethego
368 3809 396 3849 et
406 3799 536 3851 Tuditano
545 3807 616 3850 cossa
659 3816 711 3866 que
724 3800 848 3857 Terentia
870 3803 899 3852 in
920 3803 977 3853 vita
993 3818 1072 3867 quam
1089 3807 1181 3855 ierunt

95 3880 122 3922 a.
136 3869 196 3921 550.
212 3867 302 3918 obisse
316 3877 408 3937 putat,
432 3871 616 3933 Hieronymus
658 3870 777 3921 stretonii
791 3882 814 3918 c.
828 3869 855 3920 2.
874 3871 988 3935 denique
1005 3876 1039 3924 de
1052 3873 1181 3937 Euripide

95 3946 186 3990 cirtem
208 3937 237 3987 in
260 3937 400 3988 Chronico
422 3951 447 3990 a·
471 3940 531 3992 553.
573 3939 616 3988 Gi.
658 3943 728 4003 apud
742 3939 860 3990 Gellium
871 3941 970 4008 xvir,
988 3939 1015 3992 i.

95 4004 210 4058 Giiutun.
224 4007 302 4057 Fasti
322 4007 455 4059 Hellenici
468 4009 496 4058 in
514 4021 540 4059 a.
553 4005 615 4058 201.
708 4011 751 4059 61.
786 4010 865 4060 annis
879 4026 923 4061 rx.
937 4020 999 4072 post
1011 4011 1086 4072 erim]
1112 4009 1181 4064 cato

93 4078 120 4127 A
132 4076 263 4127 cicerone
282 4077 410 4127 discessit
423 4079 504 4129 etiam
517 4072 615 4145 Varro,
658 4080 752 4129 consul
763 4077 817 4127 fuit
828 4090 854 4128 a.
868 4079 930 4132 559.
947 4080 1042 4145 troi.)
1057 4090 1181 4139 mortuus

61 4144 64 4150 '
94 4146 141 4210 qui
153 4147 238 4199 vitam
250 4147 350 4198 Naevii
360 4150 485 4213 produxit
497 4146 615 4216 longius,
658 4156 748 4199 autem
762 4159 788 4200 a·
801 4146 863 4200 cot.
957 4170 960 4175 ⁴
