2676 4748
414 304 436 339 ”
524 319 637 424 ι(300.
659 322 718 395 14.
1129 323 1177 394 43

87 506 131 575 da
143 507 289 599 captivis
304 506 543 598 recuperandis
555 510 681 578 misens
693 514 828 578 orator:
850 507 909 578 Ti.
917 505 1176 594 Coruncanium,

85 596 178 684 quod
194 620 235 663 ex
252 598 446 685 pontificum
462 598 710 664 commentariis
729 601 829 684 longe
847 599 1027 685 plurimum
1042 599 1175 684 ingenio

85 686 237 754 valuisse
252 683 423 753 videatur:
443 685 593 752 Manium
610 684 763 768 Curium,
783 685 916 776 quodie
931 684 1087 754 tribunus
1101 688 1176 778 pla·

14 864 20 878 ι
96 820 102 831 ’
154 835 368 906 Coruncanium]
393 843 595 899 eoruscantem
610 806 710 908 capr.¹

138 999 182 1069 71.
201 999 412 1060 Coruncanium]
445 998 486 1050 ri.
506 999 612 1051 corun-
653 999 774 1064 guendos
793 995 927 1064 arbitror,
949 997 1045 1063 quibus
1061 998 1106 1050 ius
1126 1012 1175 1053 sa·

86 1070 203 1137 danius,
230 1071 325 1120 consul
344 1065 449 1121 0471.
470 1069 561 1128 (280.)
583 1075 611 1118 et
654 1083 729 1119 crum
745 1068 792 1118 vel
806 1067 971 1130 pontificium
982 1068 1108 1121 traditum
1122 1078 1175 1120 est.

85 1140 190 1204 primur
203 1136 610 1204 explebepontiiexmaximns,
653 1139 747 1201 Neque
770 1136 905 1188 assentior
928 1136 1099 1200 Petersenio,
1128 1139 1176 1202 qui

85 1208 117 1261 in
133 1209 288 1271 praecipuis
304 1209 451 1258 habebatur
464 1207 532 1256 iuris
545 1218 612 1256 con·
653 1206 820 1258 contrarium
850 1205 941 1269 posuit
963 1207 992 1255 iu
1018 1207 1176 1271 Originibus

87 1279 180 1328 sultis.
214 1278 244 1328 la
257 1277 332 1327 etaim
343 1275 487 1338 Pomponio
500 1282 612 1326 auctore
654 1276 727 1326 ilisa.
740 1277 819 1326 Rom.
840 1275 988 1338 Hamburgi
1002 1276 1078 1327 1835.
1096 1291 1121 1338 p.
1129 1277 1174 1329 35.

87 1346 123 1398 de
139 1346 214 1409 orig.
222 1346 276 1395 lur.
291 1350 347 1396 03.
363 1343 530 1408 primasius
537 1355 612 1408 pro·
653 1344 694 1396 Ab
713 1344 784 1408 ipsis
802 1342 885 1394 libris
900 1343 1055 1409 pontificiis
1068 1345 1176 1397 dietim-

87 1414 174 1482 tlteri
187 1415 296 1478 coepit:
318 1414 401 1464 cuiue
422 1416 519 1465 tomen
534 1412 613 1462 ecri-
654 1415 786 1480 penaten·
797 1412 923 1464 Annales
935 1413 1060 1464 Maximi
1073 1416 1103 1464 et
1114 1416 1177 1466 llo-

87 1487 176 1550 ptum
185 1485 411 1547 0010000101,
428 1484 480 1533 recl
490 1495 613 1546 reapon-
654 1483 710 1549 sti,
727 1482 1002 1534 commentariorum
1013 1486 1111 1534 aulem
1121 1498 1176 1535 ao-

88 1555 287 1620 0000001ον0
299 1555 329 1603 et
341 1552 537 1604 memorabilia
551 1552 612 1601 eiua
654 1553 730 1603 mirae
742 1554 841 1617 coacti
853 1552 1055 1615 comprobandi
1071 1555 1177 1606 cilca-

42 1655 46 1673 .
87 1623 225 1691 fumum·
259 1624 390 1684 Superest
410 1624 480 1684 apud
497 1620 614 1670 Plinium
655 1623 717 1672 tor.
753 1620 798 1681 [ld
810 1620 917 1671 mireris
931 1622 957 1670 ei
969 1622 1113 1688 excidisse,
1128 1621 1176 1686 qui

88 1693 163 1744 Ilist-
178 1690 259 1756 vill,
279 1691 321 1741 51.
338 1691 424 1740 libelli
435 1692 614 1755 fragmentum
656 1696 752 1753 posset
764 1690 811 1738 vel
824 1689 947 1740 Canuleii
960 1702 1028 1739 voce
1043 1692 1176 1743 deterreri

49 1815 52 1822 ,
88 1761 197 1813 dature
209 1759 354 1822 pontificio.
380 1761 470 1821 [Quod
481 1759 614 1810 nemiuem
656 1760 727 1820 apud
746 1757 810 1809 Liv.
826 1758 877 1823 lv,
895 1761 921 1808 3.
943 1761 1055 1810 nomed
1069 1762 1176 1830 sartos,

70 1827 155 1889 ,aute
177 1828 374 1879 Coruncanium
395 1829 487 1882 dicunt
505 1825 614 1889 publica
654 1841 713 1884 000
724 1827 764 1877 ad
776 1827 996 1878 commentarios
1006 1829 1177 1894 pontificum
1266 1829 1268 1832 ’

88 1899 245 1963 professum
258 1911 337 1964 esse,
359 1898 387 1947 id
401 1896 464 1954 lCti
476 1903 614 1947 nostrates
654 1895 846 1947 admittimur.
869 1895 995 1949 Ceterum
1008 1905 1037 1947 nt
1050 1912 1099 1960 pro
1112 1913 1176 1951 cer-

88 1975 250 2020 monuerunt
268 1967 302 2017 ad
317 1978 448 2028 responsa
468 1967 627 2030 pertinere,
653 1973 682 2016 to
704 1967 849 2034 habemus,
877 1967 1085 2018 commentarios
1105 1969 1176 2020 istos

89 2049 162 2100 qnae
178 2037 292 2098 singulis
308 2036 353 2084 ille
369 2037 402 2084 de
417 2036 496 2098 plebe
511 2035 615 2099 primus
655 2035 715 2085 sive
735 2035 820 2085 libros
840 2034 990 2096 pontificios
1007 2034 1120 2090 multum
1140 2040 1176 2090 ab

88 2104 261 2168 impertierit.
295 2106 331 2156 V.
352 2104 489 2155 Zimmern
511 2102 611 2155 Geocb.
654 2104 796 2156 annalibus
810 2103 995 2170 discrepasse,
1010 2105 1050 2157 ita
1063 2119 1176 2168 prorsus

88 2175 121 2229 ri.
136 2175 175 2228 lt.
185 2174 319 2225 Privutr.
339 2174 362 2222 1.
379 2189 406 2236 p.
422 2176 481 2223 193.
496 2172 581 2252 alar
655 2174 806 2237 ambiguum
814 2180 856 2240 ast
863 2175 898 2223 ad
905 2174 1090 2241 deliniendum,
1104 2190 1175 2240 quae

88 2242 613 2375 sattttlfitltuttlittt‘tli
655 2244 1176 2380 lttttltttltitillanti}

89 2385 137 2444 1.)
158 2381 224 2433 alibi
243 2382 304 2429 libri
323 2380 458 2431 Pontificii
489 2380 560 2438 (010.
579 2381 613 2429 de
655 2394 707 2431 nus
737 2381 802 2438 (Iac
827 2378 1011 2445 Pontificium
1033 2384 1088 2434 der.
1111 2387 1177 2437 llo,

89 2451 164 2512 Bep.
181 2451 224 2517 ll,
241 2452 299 2508 31.)
316 2451 363 2498 vel
376 2450 489 2500 annales
500 2447 614 2499 Pantili-
654 2461 736 2514 mer,
752 2451 826 2499 Bonn
838 2450 932 2507 1837.)
949 2453 1088 2521 exposuit,
1112 2456 1176 2505 100-

89 2532 156 2571 oum
172 2518 298 2580 (Quintil.
314 2520 357 2585 X,
375 2520 408 2583 2,
424 2519 465 2576 7.)
490 2519 537 2567 vel
551 2515 614 2566 libri
653 2519 708 2570 rint
721 2518 885 2580 complexa]

90 2587 269 2642 Pontificalcs
302 2590 419 2645 (Seneca
433 2585 520 2649 Epist.
537 2587 614 2644 108.)
709 2585 828 2636 Manium
849 2583 972 2646 Curium]
1001 2588 1108 2639 diunius
1120 2589 1178 2644 cud

90 2658 141 2708 vel
153 2659 267 2708 annales
275 2657 449 2708 maximorum
459 2656 615 2720 pontificum
655 2654 715 2711 rius
733 2656 881 2721 Dentatus,
904 2658 980 2705 homo
1001 2669 1105 2727 novus,
1129 2662 1176 2723 qui

90 2726 167 2788 (010.
180 2726 214 2777 de
227 2727 310 2789 Legg.
325 2726 355 2790 1,
374 2729 413 2784 2.)
437 2727 484 2775 vel
500 2726 615 2776 annales
656 2727 691 2776 de
713 2724 892 2792 Samnitibus,
917 2726 951 2774 dc
968 2727 1075 2780 Sabinis
1095 2736 1177 2792 atque

90 2796 204 2849 maximi
215 2796 301 2854 (0011.
311 2796 360 2862 1V,
373 2794 414 2852 5.)
432 2797 478 2845 vel
490 2794 552 2845 libri
565 2806 616 2845 an-
656 2795 763 2858 Pyrrho
774 2794 963 2860 triumphavit,
980 2808 1041 2844 cum
1053 2806 1113 2849 erat
1125 2801 1176 2849 tri-

91 2865 174 2916 nales
192 2864 345 2923 (0011111,
366 2867 425 2923 11.)
442 2872 489 2915 aut
502 2864 616 2915 annales
656 2866 744 2913 bouus
756 2863 844 2925 plebis
858 2877 884 2916 a.
898 2878 924 2914 u.
932 2859 992 2916 156.
1000 2867 1103 2934 (298),
1116 2870 1178 2931 Ap·

91 2933 180 3000 prisci
194 2933 269 2992 (Liv.
278 2934 328 2999 IV,
341 2933 381 2991 7.)
398 2941 545 2985 vocantur.¹
574 2933 616 2983 lle
657 2933 720 2996 pins
733 2933 861 2983 Claudius
877 2933 981 2984 Caecus
994 2934 1123 3004 interrex,
1140 2951 1177 2989 no

78 3002 615 3068 ,001000100101000101000000010000-
658 3003 814 3052 consulatus
832 3002 947 3066 plebeiis
964 3007 1178 3057 communicare-
1257 3007 1260 3013 ’

68 3074 70 3079 “
90 3072 139 3122 nis
158 3072 192 3120 de
212 3071 286 3120 Orat.
302 3072 346 3136 ll,
365 3074 407 3122 12.
430 3080 458 3120 et
479 3070 569 3120 Servii
587 3070 616 3119 in
657 3078 717 3136 tur,
739 3070 870 3122 acerrime
887 3072 996 3124 restitit.
1036 3076 1106 3126 Nam
1124 3089 1177 3138 pa-

90 3141 172 3202 Virg.
186 3142 256 3190 Aen.
271 3140 293 3202 1,
309 3142 368 3189 373.
392 3141 440 3190 lta
452 3142 549 3193 cotem
560 3153 615 3190 aa·
658 3141 738 3206 aricii,
757 3141 880 3202 quamvis
894 3142 991 3191 dicdum
1002 3143 1048 3194 lex
1059 3145 1177 3215 Licinia,
1202 3148 1205 3169 ³
1273 3154 1275 3159 ·

91 3211 175 3260 naue
211 3207 450 3273 conficiebantur:
489 3210 616 3260 labatem
657 3210 711 3260 iam
724 3222 749 3260 a·
762 3210 822 3261 387.
838 3207 927 3270 (367.)
942 3212 1063 3279 perlata,
1082 3216 1177 3265 cavis-

92 3278 255 3330 rieolbatcm
288 3280 443 3342 000100οῑ0
477 3279 616 3342 pontificat
659 3286 717 3342 set,
746 3285 776 3326 ut
795 3281 934 3328 consulum
954 3281 1025 3331 alter
1045 3284 1078 3333 de
1097 3286 1178 3344 plebe

90 3346 238 3399 metimus
255 3346 371 3412 lantolt,
395 3349 427 3398 ia
449 3360 507 3412 quo
526 3359 616 3411 prae-
658 3354 812 3416 crearetur,
839 3349 946 3400 comitia
959 3351 1118 3415 plerumque
1130 3367 1178 3407 so-

91 3417 216 3480 aeriptio
242 3418 389 3466 consulum
407 3417 565 3467 aaronitae
586 3417 617 3467 el
657 3418 749 3468 lebant
758 3415 799 3467 ita
806 3418 924 3484 turbare,
941 3425 971 3468 ut
984 3432 1030 3468 res
1044 3424 1078 3472 ad
1090 3423 1180 3479 inter«,

91 3487 220 3538 altorum
229 3485 545 3554 mnpistratoamdipaa
555 3498 615 3536 me·
657 3498 771 3548 regnum
777 3487 898 3536 veniret:
915 3499 967 3551 quo
981 3491 1055 3540 facto
1069 3494 1178 3553 patricii

91 3556 214 3607 morata
226 3557 331 3605 notare
345 3559 545 3622 consueverat,
561 3556 615 3611 do·
656 3554 765 3606 comitia
774 3557 929 3608 consularia
940 3560 1082 3611 studebant
1092 3564 1182 3612 inno·
1203 3596 1206 3602 ¹

92 3623 136 3678 mi
163 3625 349 3689 militiaeque·
365 3628 451 3676 terra
481 3624 615 3690 morique
656 3637 749 3675 norem
767 3625 811 3674 sui
830 3627 931 3677 ordinis
951 3636 1070 3680 vertere.
1103 3631 1178 3681 Idem

91 3694 179 3761 pcata
194 3704 250 3758 per
268 3694 395 3758 oinopotlos
419 3696 488 3746 dies.
529 3693 615 3744 cotue
658 3706 720 3744 cunr
731 3695 836 3756 Appius
848 3702 979 3763 tentaret,
998 3697 1095 3749 Curius
1109 3700 1178 3750 elie-

92 3763 262 3828 diliqemtiac
274 3776 384 3813 annuos
397 3764 615 3816 commentarios
657 3764 711 3829 cit,
735 3770 765 3812 ut
782 3764 889 3826 patrioii
909 3773 971 3816 aute
990 3766 1052 3829 ipsa
1069 3769 1183 3821 comitia,

30 3856 34 3863 ,
91 3833 126 3883 im
135 3833 283 3898 octopinto
294 3831 381 3883 libros
392 3837 505 3885 veteres
518 3834 616 3884 cetta-
658 3845 725 3897 quos
738 3835 853 3896 popolus
868 3842 1006 3901 creasset,
1028 3848 1076 3885 eos
1088 3839 1177 3900 magi-

93 3903 207 3969 lermti‚
220 3914 323 3966 eosque
336 3918 355 3952 rr
366 3903 614 3968 prontificibaoma-
658 3910 763 3953 stratus
790 3916 821 3952 so
852 3906 966 3967 probare
997 3907 1177 3956 ostenderant.

94 3971 201 4038 00010,
216 3986 237 4021 n
249 3971 347 4035 quibas
359 3971 481 4040 fiebant,
497 3972 616 4022 cortraco
656 3971 1178 4036 Βο1101οΜ00010000100000010408.

93 4042 237 4097 morimur
255 4043 449 4104 captaturum.
487 4043 529 4093 Gi.
548 4042 616 4090 Nic·
657 4042 749 4102 (280.)
766 4043 828 4104 lege
841 4042 976 4107 firmarit,
1002 4049 1031 4090 ut
1043 4050 1136 4102 patres
1149 4044 1178 4097 in
1238 4072 1273 4093 -s

94 4110 208 4160 nunnus
224 4110 254 4158 d'.
270 4111 293 4159 1.
310 4123 337 4171 p.
352 4111 412 4164 257.
425 4125 483 4173 sqq.
517 4112 558 4159 Ab
572 4109 616 4158 his
656 4111 789 4161 incertum
801 4111 966 4163 comitiorum
983 4118 1110 4163 eventum
1126 4127 1177 4166 an-

52 4222 54 4226 .
94 4190 162 4233 vcro
181 4178 260 4231 libris
279 4180 423 4241 pontiacis
441 4178 616 4233 1110011000-
657 4187 748 4237 olores
765 4179 870 4234 tierent
903 4182 938 4234 V.
952 4177 1105 4244 Pighiusin
1118 4186 1178 4240 An·
1283 4224 1285 4228 ‚
