<?xml version="1.0" encoding="UTF-8"?>
<!DOCTYPE html PUBLIC "-//W3C//DTD XHTML 1.0 Transitional//EN"
    "http://www.w3.org/TR/xhtml1/DTD/xhtml1-transitional.dtd">
<html xmlns="http://www.w3.org/1999/xhtml" xml:lang="en" lang="en">
 <head>
  <title>
</title>
<meta http-equiv="Content-Type" content="text/html;charset=utf-8" />
  <meta name='ocr-system' content='tesseract 3.04.00' />
  <meta name='ocr-capabilities' content='ocr_page ocr_carea ocr_par ocr_line ocrx_word'/>
</head>
<body>
  <div class='ocr_page' id='page_1' title='image "./mtulliiciceroni00meyegoog_0053.png"; bbox 0 0 2676 4748; ppageno 0'>
   <div class='ocr_carea' id='block_1_1' title="bbox 116 307 816 426">
    <p class='ocr_par' dir='ltr' id='par_1_1' title="bbox 116 307 816 426">
     <span class='ocr_line' id='line_1_1' title="bbox 116 307 816 426; baseline 0.004 -47"><span class='ocrx_word' id='word_1_1' title='bbox 116 328 125 379; x_wconf 73' lang='grc'>·,</span> <span class='ocrx_word' id='word_1_2' title='bbox 152 312 200 386; x_wconf 77' lang='grc'>28</span> <span class='ocrx_word' id='word_1_3' title='bbox 429 415 439 426; x_wconf 94' lang='lat'><em>.</em></span> <span class='ocrx_word' id='word_1_4' title='bbox 579 307 816 405; x_wconf 74' lang='lat' dir='ltr'>suurbi.</span> 
     </span>
    </p>
   </div>
   <div class='ocr_carea' id='block_1_2' title="bbox 150 495 1273 1640">
    <p class='ocr_par' dir='ltr' id='par_1_2' title="bbox 150 495 1273 1640">
     <span class='ocr_line' id='line_1_2' title="bbox 151 495 1243 571; baseline 0.003 -4"><span class='ocrx_word' id='word_1_5' title='bbox 151 497 312 567; x_wconf 81' lang='lat' dir='ltr'>instituta</span> <span class='ocrx_word' id='word_1_6' title='bbox 336 495 468 565; x_wconf 84' lang='lat' dir='ltr'>solsbai</span> <span class='ocrx_word' id='word_1_7' title='bbox 488 495 613 568; x_wconf 83' lang='lat' dir='ltr'>verbis.</span> <span class='ocrx_word' id='word_1_8' title='bbox 655 500 754 567; x_wconf 89' lang='lat' dir='ltr'>huius</span> <span class='ocrx_word' id='word_1_9' title='bbox 769 521 809 566; x_wconf 85' lang='lat' dir='ltr'>ax</span> <span class='ocrx_word' id='word_1_10' title='bbox 821 498 1002 567; x_wconf 76' lang='lat' dir='ltr'>uberrimis</span> <span class='ocrx_word' id='word_1_11' title='bbox 1023 502 1243 571; x_wconf 81' lang='lat' dir='ltr'>sermonibus·</span> 
     </span>
     <span class='ocr_line' id='line_1_3' title="bbox 152 584 1238 684; baseline 0.004 -31"><span class='ocrx_word' id='word_1_12' title='bbox 152 587 339 655; x_wconf 81' lang='lat' dir='ltr'>extiterunt</span> <span class='ocrx_word' id='word_1_13' title='bbox 358 584 548 652; x_wconf 87' lang='lat' dir='ltr'>doctissimi</span> <span class='ocrx_word' id='word_1_14' title='bbox 572 586 653 654; x_wconf 88' lang='lat' dir='ltr'>viri:</span> <span class='ocrx_word' id='word_1_15' title='bbox 689 590 899 679; x_wconf 82' lang='lat' dir='ltr'>primumque</span> <span class='ocrx_word' id='word_1_16' title='bbox 920 594 992 654; x_wconf 83' lang='lat' dir='ltr'>ium</span> <span class='ocrx_word' id='word_1_17' title='bbox 1012 591 1238 684; x_wconf 79' lang='lat' dir='ltr'>philosophia,</span> 
     </span>
     <span class='ocr_line' id='line_1_4' title="bbox 152 671 1245 761; baseline 0.003 -20"><span class='ocrx_word' id='word_1_18' title='bbox 152 696 220 741; x_wconf 88' lang='lat' dir='ltr'>uon</span> <span class='ocrx_word' id='word_1_19' title='bbox 239 676 301 740; x_wconf 84' lang='lat' dir='ltr'>illa</span> <span class='ocrx_word' id='word_1_20' title='bbox 324 671 522 754; x_wconf 70' lang='lat' dir='ltr'>denatura,</span> <span class='ocrx_word' id='word_1_21' title='bbox 546 695 637 760; x_wconf 81' lang='lat' dir='ltr'>quae</span> <span class='ocrx_word' id='word_1_22' title='bbox 657 674 771 741; x_wconf 84' lang='lat' dir='ltr'>iuerat</span> <span class='ocrx_word' id='word_1_23' title='bbox 791 676 981 761; x_wconf 81' lang='lat' dir='ltr'>antiquior,</span> <span class='ocrx_word' id='word_1_24' title='bbox 1004 677 1065 742; x_wconf 83' lang='lat' dir='ltr'>sed</span> <span class='ocrx_word' id='word_1_25' title='bbox 1079 679 1178 760; x_wconf 89' lang='lat' dir='ltr'>baec,</span> <span class='ocrx_word' id='word_1_26' title='bbox 1199 681 1245 751; x_wconf 85' lang='lat' dir='ltr'>ln·</span> 
     </span>
     <span class='ocr_line' id='line_1_5' title="bbox 151 759 1238 936; baseline 0.004 -21"><span class='ocrx_word' id='word_1_27' title='bbox 151 784 222 915; x_wconf 74' lang='lat' dir='ltr'>iii</span> <span class='ocrx_word' id='word_1_28' title='bbox 231 759 805 936; x_wconf 64' lang='lat' dir='ltr'>iiiii:iihibilbib¹¹⁶</span> <span class='ocrx_word' id='word_1_29' title='bbox 819 763 1070 916; x_wconf 52' lang='lat' dir='ltr'>bilbili</span> <span class='ocrx_word' id='word_1_30' title='bbox 1086 767 1238 919; x_wconf 65' lang='lat' dir='ltr'>iiiii</span> 
     </span>
     <span class='ocr_line' id='line_1_6' title="bbox 433 894 750 927; baseline 0.006 -13"><span class='ocrx_word' id='word_1_31' title='bbox 433 894 444 927; x_wconf 86' lang='lat'>‚</span> <span class='ocrx_word' id='word_1_32' title='bbox 741 897 750 916; x_wconf 94' lang='lat'>.</span> 
     </span>
     <span class='ocr_line' id='line_1_7' title="bbox 150 871 1238 1025; baseline 0.004 -22"><span class='ocrx_word' id='word_1_33' title='bbox 150 937 232 1016; x_wconf 86' lang='lat' dir='ltr'>boc,</span> <span class='ocrx_word' id='word_1_34' title='bbox 260 933 350 1023; x_wconf 88' lang='lat' dir='ltr'>quod</span> <span class='ocrx_word' id='word_1_35' title='bbox 369 936 625 1023; x_wconf 83' lang='lat' dir='ltr'>proposuimus,</span> <span class='ocrx_word' id='word_1_36' title='bbox 646 872 821 1017; x_wconf 74' lang='lat' dir='ltr'>abborretq,</span> <span class='ocrx_word' id='word_1_37' title='bbox 850 871 1180 1025; x_wconf 64' lang='lat' dir='ltr'>pibbsophosgaliud</span> <span class='ocrx_word' id='word_1_38' title='bbox 1198 942 1238 1007; x_wconf 87' lang='lat' dir='ltr'>in</span> 
     </span>
     <span class='ocr_line' id='line_1_8' title="bbox 151 1020 1235 1110; baseline 0.004 -22"><span class='ocrx_word' id='word_1_39' title='bbox 151 1031 285 1110; x_wconf 82' lang='lat' dir='ltr'>tempus</span> <span class='ocrx_word' id='word_1_40' title='bbox 299 1021 504 1104; x_wconf 86' lang='lat' dir='ltr'>reiiciamus,</span> <span class='ocrx_word' id='word_1_41' title='bbox 526 1020 568 1086; x_wconf 86' lang='lat' dir='ltr'>ad</span> <span class='ocrx_word' id='word_1_42' title='bbox 583 1028 748 1105; x_wconf 76' lang='lat' dir='ltr'>oratores,</span> <span class='ocrx_word' id='word_1_43' title='bbox 770 1024 924 1110; x_wconf 85' lang='lat' dir='ltr'>aquibus</span> <span class='ocrx_word' id='word_1_44' title='bbox 938 1023 1235 1110; x_wconf 80' lang='lat' dir='ltr'>degressisumus,</span> 
     </span>
     <span class='ocr_line' id='line_1_9' title="bbox 150 1107 1273 1200; baseline 0.003 -22"><span class='ocrx_word' id='word_1_45' title='bbox 150 1120 370 1178; x_wconf 67' lang='lat' dir='ltr'>mvcmamur.</span> <span class='ocrx_word' id='word_1_46' title='bbox 421 1111 477 1176; x_wconf 86' lang='lat'>32.</span> <span class='ocrx_word' id='word_1_47' title='bbox 507 1107 632 1175; x_wconf 79' lang='lat' dir='ltr'>Extitit</span> <span class='ocrx_word' id='word_1_48' title='bbox 653 1112 760 1195; x_wconf 85' lang='lat' dir='ltr'>igitur</span> <span class='ocrx_word' id='word_1_49' title='bbox 782 1111 849 1176; x_wconf 87' lang='lat' dir='ltr'>iam</span> <span class='ocrx_word' id='word_1_50' title='bbox 873 1113 1010 1178; x_wconf 87' lang='lat' dir='ltr'>senibus</span> <span class='ocrx_word' id='word_1_51' title='bbox 1031 1115 1121 1196; x_wconf 89' lang='lat' dir='ltr'>illis,</span> <span class='ocrx_word' id='word_1_52' title='bbox 1148 1136 1234 1200; x_wconf 87' lang='lat' dir='ltr'>quos</span> <span class='ocrx_word' id='word_1_53' title='bbox 1263 1146 1273 1150; x_wconf 88' lang='lat'>-</span> 
     </span>
     <span class='ocr_line' id='line_1_10' title="bbox 150 1190 1243 1289; baseline 0.004 -25"><span class='ocrx_word' id='word_1_54' title='bbox 150 1199 253 1289; x_wconf 89' lang='lat' dir='ltr'>paulo</span> <span class='ocrx_word' id='word_1_55' title='bbox 266 1204 344 1263; x_wconf 82' lang='lat' dir='ltr'>ante</span> <span class='ocrx_word' id='word_1_56' title='bbox 356 1195 513 1278; x_wconf 81' lang='lat' dir='ltr'>diximus,</span> <span class='ocrx_word' id='word_1_57' title='bbox 533 1190 715 1279; x_wconf 78' lang='lat' dir='ltr'>Isocrates,</span> <span class='ocrx_word' id='word_1_58' title='bbox 735 1197 832 1264; x_wconf 86' lang='lat' dir='ltr'>cuius</span> <span class='ocrx_word' id='word_1_59' title='bbox 846 1196 1116 1280; x_wconf 76' lang='lat' dir='ltr'>domuscunotae</span> <span class='ocrx_word' id='word_1_60' title='bbox 1128 1201 1243 1268; x_wconf 61' lang='lat' dir='ltr'>Grac·</span> 
     </span>
     <span class='ocr_line' id='line_1_11' title="bbox 150 1282 1234 1373; baseline 0.002 -20"><span class='ocrx_word' id='word_1_61' title='bbox 150 1287 223 1353; x_wconf 84' lang='lat' dir='ltr'>ciac</span> <span class='ocrx_word' id='word_1_62' title='bbox 254 1284 352 1372; x_wconf 86' lang='lat' dir='ltr'>quasi</span> <span class='ocrx_word' id='word_1_63' title='bbox 378 1283 480 1349; x_wconf 86' lang='lat' dir='ltr'>ludus</span> <span class='ocrx_word' id='word_1_64' title='bbox 509 1282 645 1370; x_wconf 84' lang='lat' dir='ltr'>quidam</span> <span class='ocrx_word' id='word_1_65' title='bbox 673 1286 787 1373; x_wconf 87' lang='lat' dir='ltr'>patuit</span> <span class='ocrx_word' id='word_1_66' title='bbox 805 1292 906 1372; x_wconf 83' lang='lat' dir='ltr'>atque</span> <span class='ocrx_word' id='word_1_67' title='bbox 927 1287 1061 1354; x_wconf 82' lang='lat' dir='ltr'>officina</span> <span class='ocrx_word' id='word_1_68' title='bbox 1082 1288 1234 1356; x_wconf 83' lang='lat' dir='ltr'>dicendi:</span> 
     </span>
     <span class='ocr_line' id='line_1_12' title="bbox 150 1371 1234 1461; baseline 0.004 -22"><span class='ocrx_word' id='word_1_69' title='bbox 150 1395 291 1459; x_wconf 81' lang='lat' dir='ltr'>magnus</span> <span class='ocrx_word' id='word_1_70' title='bbox 310 1378 425 1437; x_wconf 87' lang='lat' dir='ltr'>orator</span> <span class='ocrx_word' id='word_1_71' title='bbox 445 1377 480 1437; x_wconf 87' lang='lat' dir='ltr'>et</span> <span class='ocrx_word' id='word_1_72' title='bbox 501 1371 670 1459; x_wconf 83' lang='lat' dir='ltr'>perfectus</span> <span class='ocrx_word' id='word_1_73' title='bbox 685 1373 863 1457; x_wconf 84' lang='lat' dir='ltr'>magister,</span> <span class='ocrx_word' id='word_1_74' title='bbox 890 1394 1090 1461; x_wconf 86' lang='lat' dir='ltr'>quamquam</span> <span class='ocrx_word' id='word_1_75' title='bbox 1104 1376 1234 1443; x_wconf 85' lang='lat' dir='ltr'>forensi</span> 
     </span>
     <span class='ocr_line' id='line_1_13' title="bbox 150 1459 1235 1553; baseline 0.002 -25"><span class='ocrx_word' id='word_1_76' title='bbox 150 1462 228 1528; x_wconf 89' lang='lat' dir='ltr'>luce</span> <span class='ocrx_word' id='word_1_77' title='bbox 241 1460 353 1525; x_wconf 86' lang='lat' dir='ltr'>caruit</span> <span class='ocrx_word' id='word_1_78' title='bbox 366 1460 521 1545; x_wconf 85' lang='lat' dir='ltr'>intraque</span> <span class='ocrx_word' id='word_1_79' title='bbox 536 1459 683 1545; x_wconf 84' lang='lat' dir='ltr'>parietas</span> <span class='ocrx_word' id='word_1_80' title='bbox 697 1460 783 1526; x_wconf 85' lang='lat' dir='ltr'>aluit</span> <span class='ocrx_word' id='word_1_81' title='bbox 794 1481 869 1530; x_wconf 67' lang='lat' dir='ltr'>,eam</span> <span class='ocrx_word' id='word_1_82' title='bbox 884 1461 1038 1550; x_wconf 87' lang='lat' dir='ltr'>gloriam,</span> <span class='ocrx_word' id='word_1_83' title='bbox 1059 1485 1158 1553; x_wconf 89' lang='lat' dir='ltr'>quam</span> <span class='ocrx_word' id='word_1_84' title='bbox 1175 1486 1235 1530; x_wconf 90' lang='lat' dir='ltr'>ne-</span> 
     </span>
     <span class='ocr_line' id='line_1_14' title="bbox 150 1544 1233 1640; baseline 0.001 -23"><span class='ocrx_word' id='word_1_85' title='bbox 150 1571 206 1617; x_wconf 90' lang='lat' dir='ltr'>mo</span> <span class='ocrx_word' id='word_1_86' title='bbox 220 1569 294 1616; x_wconf 88' lang='lat' dir='ltr'>meo</span> <span class='ocrx_word' id='word_1_87' title='bbox 306 1545 440 1634; x_wconf 85' lang='lat' dir='ltr'>quitiam</span> <span class='ocrx_word' id='word_1_88' title='bbox 453 1544 577 1612; x_wconf 88' lang='lat' dir='ltr'>iudicio</span> <span class='ocrx_word' id='word_1_89' title='bbox 593 1553 647 1615; x_wconf 86' lang='lat' dir='ltr'>est</span> <span class='ocrx_word' id='word_1_90' title='bbox 658 1554 777 1637; x_wconf 69' lang='lat' dir='ltr'>postas</span> <span class='ocrx_word' id='word_1_91' title='bbox 790 1557 1001 1618; x_wconf 84' lang='lat' dir='ltr'>consecutus.</span> <span class='ocrx_word' id='word_1_92' title='bbox 1030 1566 1033 1571; x_wconf 84' lang='grc'><strong>’</strong></span> <span class='ocrx_word' id='word_1_93' title='bbox 1052 1551 1083 1617; x_wconf 92' lang='lat' dir='ltr'>is</span> <span class='ocrx_word' id='word_1_94' title='bbox 1104 1557 1139 1616; x_wconf 86' lang='lat' dir='ltr'>ei</span> <span class='ocrx_word' id='word_1_95' title='bbox 1157 1551 1233 1640; x_wconf 88' lang='lat' dir='ltr'>ipse</span> 
     </span>
    </p>
   </div>
   <div class='ocr_carea' id='block_1_3' title="bbox 114 1684 1246 2730">
    <p class='ocr_par' dir='ltr' id='par_1_3' title="bbox 114 1684 1246 2730">
     <span class='ocr_line' id='line_1_15' title="bbox 203 1684 1246 1766; baseline -0.001 -16"><span class='ocrx_word' id='word_1_96' title='bbox 203 1694 325 1764; x_wconf 63' lang='lat' dir='ltr'>reims]</span> <span class='ocrx_word' id='word_1_97' title='bbox 349 1695 394 1746; x_wconf 83' lang='lat' dir='ltr'>Sic</span> <span class='ocrx_word' id='word_1_98' title='bbox 414 1696 489 1746; x_wconf 87' lang='lat' dir='ltr'>codd.</span> <span class='ocrx_word' id='word_1_99' title='bbox 505 1703 534 1745; x_wconf 87' lang='lat' dir='ltr'>ct</span> <span class='ocrx_word' id='word_1_100' title='bbox 546 1696 589 1746; x_wconf 83' lang='lat' dir='ltr'>ed.</span> <span class='ocrx_word' id='word_1_101' title='bbox 601 1710 642 1758; x_wconf 89' lang='lat' dir='ltr'>pr.</span> <span class='ocrx_word' id='word_1_102' title='bbox 677 1695 743 1748; x_wconf 81' lang='lat' dir='ltr'>cum</span> <span class='ocrx_word' id='word_1_103' title='bbox 757 1695 793 1748; x_wconf 88' lang='lat' dir='ltr'>sit</span> <span class='ocrx_word' id='word_1_104' title='bbox 807 1696 919 1749; x_wconf 85' lang='lat' dir='ltr'>difficile</span> <span class='ocrx_word' id='word_1_105' title='bbox 932 1697 1086 1766; x_wconf 85' lang='lat' dir='ltr'>explicare,</span> <span class='ocrx_word' id='word_1_106' title='bbox 1103 1696 1166 1763; x_wconf 86' lang='lat' dir='ltr'>quid</span> <span class='ocrx_word' id='word_1_107' title='bbox 1179 1684 1246 1765; x_wconf 61' lang='lat' dir='ltr'>silil&#39;¹</span> 
     </span>
     <span class='ocr_line' id='line_1_16' title="bbox 182 1765 1246 1832; baseline 0.001 -12"><span class='ocrx_word' id='word_1_108' title='bbox 182 1770 253 1821; x_wconf 82' lang='lat' dir='ltr'>volit</span> <span class='ocrx_word' id='word_1_109' title='bbox 272 1765 384 1832; x_wconf 78' lang='lat' dir='ltr'>verbio,</span> <span class='ocrx_word' id='word_1_110' title='bbox 402 1765 587 1832; x_wconf 81' lang='lat' dir='ltr'>Wetzelius,</span> <span class='ocrx_word' id='word_1_111' title='bbox 603 1766 715 1824; x_wconf 69' lang='lat' dir='ltr'>ilchiitz.</span> <span class='ocrx_word' id='word_1_112' title='bbox 736 1774 764 1817; x_wconf 89' lang='lat' dir='ltr'>et</span> <span class='ocrx_word' id='word_1_113' title='bbox 782 1769 898 1818; x_wconf 83' lang='lat' dir='ltr'>Ellendt.</span> <span class='ocrx_word' id='word_1_114' title='bbox 923 1767 951 1818; x_wconf 92' lang='lat' dir='ltr'>id</span> <span class='ocrx_word' id='word_1_115' title='bbox 964 1772 1101 1824; x_wconf 80' lang='lat' dir='ltr'>delerant:</span> <span class='ocrx_word' id='word_1_116' title='bbox 1125 1776 1246 1830; x_wconf 81' lang='lat' dir='ltr'>poterut&#39;</span> 
     </span>
     <span class='ocr_line' id='line_1_17' title="bbox 114 1832 1234 1908; baseline 0.005 -27"><span class='ocrx_word' id='word_1_117' title='bbox 114 1877 118 1881; x_wconf 80' lang='lat'>.</span> <span class='ocrx_word' id='word_1_118' title='bbox 182 1839 255 1890; x_wconf 85' lang='lat' dir='ltr'>snim</span> <span class='ocrx_word' id='word_1_119' title='bbox 270 1836 335 1889; x_wconf 88' lang='lat' dir='ltr'>oriri</span> <span class='ocrx_word' id='word_1_120' title='bbox 347 1849 382 1885; x_wconf 85' lang='lat' dir='ltr'>ex</span> <span class='ocrx_word' id='word_1_121' title='bbox 394 1842 460 1891; x_wconf 86' lang='lat' dir='ltr'>uota</span> <span class='ocrx_word' id='word_1_122' title='bbox 470 1835 548 1883; x_wconf 85' lang='lat' dir='ltr'>vocis</span> <span class='ocrx_word' id='word_1_123' title='bbox 561 1836 698 1908; x_wconf 73' lang='lat' dir='ltr'>sequentis</span> <span class='ocrx_word' id='word_1_124' title='bbox 710 1834 805 1903; x_wconf 79' lang='lat' dir='ltr'>buius,</span> <span class='ocrx_word' id='word_1_125' title='bbox 821 1832 856 1886; x_wconf 81' lang='lat' dir='ltr'>lis</span> <span class='ocrx_word' id='word_1_126' title='bbox 869 1839 931 1886; x_wconf 88' lang='lat' dir='ltr'>cum</span> <span class='ocrx_word' id='word_1_127' title='bbox 941 1833 977 1888; x_wconf 79' lang='lat' dir='ltr'>’os</span> <span class='ocrx_word' id='word_1_128' title='bbox 990 1838 1008 1888; x_wconf 90' lang='lat' dir='ltr'>i.</span> <span class='ocrx_word' id='word_1_129' title='bbox 1017 1850 1041 1887; x_wconf 93' lang='lat' dir='ltr'>e.</span> <span class='ocrx_word' id='word_1_130' title='bbox 1055 1837 1150 1888; x_wconf 80' lang='lat' dir='ltr'>uerbis</span> <span class='ocrx_word' id='word_1_131' title='bbox 1164 1851 1234 1890; x_wconf 60' lang='lat' dir='ltr'>con-2</span> 
     </span>
     <span class='ocr_line' id='line_1_18' title="bbox 181 1902 1233 1975; baseline -0.001 -16"><span class='ocrx_word' id='word_1_132' title='bbox 181 1910 255 1960; x_wconf 80' lang='lat' dir='ltr'>fuso.</span> <span class='ocrx_word' id='word_1_133' title='bbox 289 1908 326 1956; x_wconf 79' lang='lat' dir='ltr'>ht</span> <span class='ocrx_word' id='word_1_134' title='bbox 338 1917 399 1965; x_wconf 87' lang='lat' dir='ltr'>cum</span> <span class='ocrx_word' id='word_1_135' title='bbox 410 1917 444 1955; x_wconf 88' lang='lat' dir='ltr'>ea</span> <span class='ocrx_word' id='word_1_136' title='bbox 458 1902 562 1954; x_wconf 81' lang='lat' dir='ltr'>ratione</span> <span class='ocrx_word' id='word_1_137' title='bbox 574 1904 722 1955; x_wconf 77' lang='lat' dir='ltr'>hexametri</span> <span class='ocrx_word' id='word_1_138' title='bbox 735 1906 837 1956; x_wconf 78' lang='lat' dir='ltr'>existat</span> <span class='ocrx_word' id='word_1_139' title='bbox 850 1906 991 1975; x_wconf 83' lang='lat' dir='ltr'>clausula,</span> <span class='ocrx_word' id='word_1_140' title='bbox 1010 1920 1079 1970; x_wconf 85' lang='lat' dir='ltr'>quae</span> <span class='ocrx_word' id='word_1_141' title='bbox 1093 1919 1156 1958; x_wconf 90' lang='lat' dir='ltr'>raro</span> <span class='ocrx_word' id='word_1_142' title='bbox 1169 1921 1233 1958; x_wconf 88' lang='lat' dir='ltr'>ccr-</span> 
     </span>
     <span class='ocr_line' id='line_1_19' title="bbox 182 1973 1232 2038; baseline -0.002 -10"><span class='ocrx_word' id='word_1_143' title='bbox 182 1985 212 2028; x_wconf 89' lang='lat' dir='ltr'>te</span> <span class='ocrx_word' id='word_1_144' title='bbox 230 1977 260 2026; x_wconf 92' lang='lat' dir='ltr'>in</span> <span class='ocrx_word' id='word_1_145' title='bbox 272 1975 402 2026; x_wconf 79' lang='lat' dir='ltr'>Cicerone</span> <span class='ocrx_word' id='word_1_146' title='bbox 420 1973 561 2035; x_wconf 69' lang='lat' dir='ltr'>reperitur⁴</span> <span class='ocrx_word' id='word_1_147' title='bbox 572 1975 615 2032; x_wconf 82' lang='lat' dir='ltr'>[r.</span> <span class='ocrx_word' id='word_1_148' title='bbox 630 1975 738 2038; x_wconf 71' lang='lat' dir='ltr'>Zumpt.</span> <span class='ocrx_word' id='word_1_149' title='bbox 751 1975 780 2024; x_wconf 91' lang='lat' dir='ltr'>in</span> <span class='ocrx_word' id='word_1_150' title='bbox 794 1973 851 2025; x_wconf 84' lang='lat' dir='ltr'>Cic.</span> <span class='ocrx_word' id='word_1_151' title='bbox 863 1975 972 2025; x_wconf 83' lang='lat' dir='ltr'>verrin.</span> <span class='ocrx_word' id='word_1_152' title='bbox 989 1989 1015 2035; x_wconf 90' lang='lat' dir='ltr'>p.</span> <span class='ocrx_word' id='word_1_153' title='bbox 1027 1973 1089 2029; x_wconf 74' lang='grc'><strong>219.</strong></span> <span class='ocrx_word' id='word_1_154' title='bbox 1103 1984 1131 2026; x_wconf 86' lang='lat' dir='ltr'>et</span> <span class='ocrx_word' id='word_1_155' title='bbox 1145 1977 1232 2027; x_wconf 80' lang='lat' dir='ltr'>orell.</span> 
     </span>
     <span class='ocr_line' id='line_1_20' title="bbox 182 2040 1234 2110; baseline 0.001 -13"><span class='ocrx_word' id='word_1_156' title='bbox 182 2047 212 2098; x_wconf 90' lang='lat' dir='ltr'>in</span> <span class='ocrx_word' id='word_1_157' title='bbox 226 2044 334 2095; x_wconf 86' lang='lat' dir='ltr'>Verrio.</span> <span class='ocrx_word' id='word_1_158' title='bbox 349 2044 401 2109; x_wconf 83' lang='lat' dir='ltr'>lv,</span> <span class='ocrx_word' id='word_1_159' title='bbox 420 2040 516 2110; x_wconf 83' lang='lat'>8,18.</span> <span class='ocrx_word' id='word_1_160' title='bbox 545 2042 631 2094; x_wconf 81' lang='lat' dir='ltr'>Orati.</span> <span class='ocrx_word' id='word_1_161' title='bbox 650 2044 731 2108; x_wconf 84' lang='lat' dir='ltr'>seh),</span> <span class='ocrx_word' id='word_1_162' title='bbox 754 2043 803 2092; x_wconf 90' lang='lat' dir='ltr'>sub</span> <span class='ocrx_word' id='word_1_163' title='bbox 823 2045 873 2094; x_wconf 90' lang='lat' dir='ltr'>hoc</span> <span class='ocrx_word' id='word_1_164' title='bbox 891 2045 1024 2094; x_wconf 85' lang='lat' dir='ltr'>vocabulo</span> <span class='ocrx_word' id='word_1_165' title='bbox 1041 2046 1234 2106; x_wconf 74' lang='lat' dir='ltr'>urbanissime</span> 
     </span>
     <span class='ocr_line' id='line_1_21' title="bbox 182 2110 1232 2182; baseline 0 -16"><span class='ocrx_word' id='word_1_166' title='bbox 182 2116 271 2166; x_wconf 85' lang='lat' dir='ltr'>latere</span> <span class='ocrx_word' id='word_1_167' title='bbox 292 2112 438 2164; x_wconf 82' lang='lat' dir='ltr'>arbitratus</span> <span class='ocrx_word' id='word_1_168' title='bbox 458 2117 502 2160; x_wconf 87' lang='lat' dir='ltr'>est</span> <span class='ocrx_word' id='word_1_169' title='bbox 520 2110 649 2161; x_wconf 85' lang='lat' dir='ltr'>Orellius.</span> <span class='ocrx_word' id='word_1_170' title='bbox 688 2112 779 2162; x_wconf 83' lang='lat' dir='ltr'>Aliam</span> <span class='ocrx_word' id='word_1_171' title='bbox 791 2125 858 2162; x_wconf 88' lang='lat' dir='ltr'>vero</span> <span class='ocrx_word' id='word_1_172' title='bbox 871 2112 998 2162; x_wconf 82' lang='lat' dir='ltr'>Klotzius</span> <span class='ocrx_word' id='word_1_173' title='bbox 1011 2113 1040 2162; x_wconf 91' lang='lat' dir='ltr'>in</span> <span class='ocrx_word' id='word_1_174' title='bbox 1054 2115 1163 2165; x_wconf 78' lang='lat' dir='ltr'>Tuscul.</span> <span class='ocrx_word' id='word_1_175' title='bbox 1178 2115 1232 2182; x_wconf 88' lang='lat'>111,</span> 
     </span>
     <span class='ocr_line' id='line_1_22' title="bbox 182 2179 1231 2246; baseline -0.001 -13"><span class='ocrx_word' id='word_1_176' title='bbox 182 2184 227 2237; x_wconf 86' lang='lat'>20.</span> <span class='ocrx_word' id='word_1_177' title='bbox 243 2182 305 2232; x_wconf 88' lang='lat' dir='ltr'>iniit</span> <span class='ocrx_word' id='word_1_178' title='bbox 311 2181 394 2246; x_wconf 80' lang='lat' dir='ltr'>viam,</span> <span class='ocrx_word' id='word_1_179' title='bbox 410 2179 506 2242; x_wconf 75' lang='lat' dir='ltr'>uerbis</span> <span class='ocrx_word' id='word_1_180' title='bbox 519 2179 638 2232; x_wconf 81' lang='lat' dir='ltr'>Socratis</span> <span class='ocrx_word' id='word_1_181' title='bbox 648 2179 786 2245; x_wconf 64' lang='lat' dir='ltr'>instituta</span> <span class='ocrx_word' id='word_1_182' title='bbox 797 2181 983 2244; x_wconf 77' lang='lat' dir='ltr'>sophistarum</span> <span class='ocrx_word' id='word_1_183' title='bbox 996 2183 1093 2245; x_wconf 88' lang='lat' dir='ltr'>opponi</span> <span class='ocrx_word' id='word_1_184' title='bbox 1106 2197 1231 2234; x_wconf 88' lang='lat' dir='ltr'>censens.</span> 
     </span>
     <span class='ocr_line' id='line_1_23' title="bbox 184 2250 1233 2316; baseline 0.002 -14"><span class='ocrx_word' id='word_1_185' title='bbox 184 2253 339 2316; x_wconf 82' lang='lat' dir='ltr'>[Instituta</span> <span class='ocrx_word' id='word_1_186' title='bbox 345 2283 355 2316; x_wconf 92' lang='lat'>,</span> <span class='ocrx_word' id='word_1_187' title='bbox 377 2252 428 2298; x_wconf 90' lang='lat' dir='ltr'>hoc</span> <span class='ocrx_word' id='word_1_188' title='bbox 447 2257 506 2315; x_wconf 89' lang='lat' dir='ltr'>est,</span> <span class='ocrx_word' id='word_1_189' title='bbox 531 2257 681 2314; x_wconf 85' lang='lat' dir='ltr'>praecepta</span> <span class='ocrx_word' id='word_1_190' title='bbox 692 2250 875 2312; x_wconf 77' lang='lat' dir='ltr'>sophistarum</span> <span class='ocrx_word' id='word_1_191' title='bbox 886 2250 981 2310; x_wconf 80' lang='lat' dir='ltr'>verbis</span> <span class='ocrx_word' id='word_1_192' title='bbox 992 2253 1114 2302; x_wconf 81' lang='lat' dir='ltr'>Socratis</span> <span class='ocrx_word' id='word_1_193' title='bbox 1132 2252 1233 2305; x_wconf 79' lang='lat' dir='ltr'>referri</span> 
     </span>
     <span class='ocr_line' id='line_1_24' title="bbox 183 2317 1232 2387; baseline -0.001 -14"><span class='ocrx_word' id='word_1_194' title='bbox 183 2335 217 2373; x_wconf 83' lang='lat' dir='ltr'>eo</span> <span class='ocrx_word' id='word_1_195' title='bbox 235 2323 323 2372; x_wconf 87' lang='lat' dir='ltr'>minus</span> <span class='ocrx_word' id='word_1_196' title='bbox 341 2317 470 2368; x_wconf 82' lang='lat' dir='ltr'>credibile</span> <span class='ocrx_word' id='word_1_197' title='bbox 487 2317 610 2387; x_wconf 71' lang='lat' dir='ltr'>ridetur,</span> <span class='ocrx_word' id='word_1_198' title='bbox 633 2319 703 2382; x_wconf 86' lang='lat' dir='ltr'>quod</span> <span class='ocrx_word' id='word_1_199' title='bbox 714 2317 822 2370; x_wconf 86' lang='lat' dir='ltr'>illorum</span> <span class='ocrx_word' id='word_1_200' title='bbox 834 2321 1030 2382; x_wconf 76' lang='lat' dir='ltr'>disputationes</span> <span class='ocrx_word' id='word_1_201' title='bbox 1043 2321 1122 2384; x_wconf 86' lang='lat' dir='ltr'>ipsae</span> <span class='ocrx_word' id='word_1_202' title='bbox 1137 2324 1232 2372; x_wconf 88' lang='lat' dir='ltr'>verbis</span> 
     </span>
     <span class='ocr_line' id='line_1_25' title="bbox 182 2385 1232 2457; baseline 0.002 -16"><span class='ocrx_word' id='word_1_203' title='bbox 182 2391 401 2448; x_wconf 84' lang='lat' dir='ltr'>continebantur,</span> <span class='ocrx_word' id='word_1_204' title='bbox 419 2388 467 2436; x_wconf 88' lang='lat' dir='ltr'>sed</span> <span class='ocrx_word' id='word_1_205' title='bbox 482 2387 601 2439; x_wconf 82' lang='lat' dir='ltr'>oratione</span> <span class='ocrx_word' id='word_1_206' title='bbox 614 2394 746 2450; x_wconf 82' lang='lat' dir='ltr'>perpetua</span> <span class='ocrx_word' id='word_1_207' title='bbox 763 2388 894 2452; x_wconf 83' lang='lat' dir='ltr'>diductis3</span> <span class='ocrx_word' id='word_1_208' title='bbox 917 2399 1060 2451; x_wconf 85' lang='lat' dir='ltr'>eorumque</span> <span class='ocrx_word' id='word_1_209' title='bbox 1075 2385 1168 2457; x_wconf 71' lang='grc' dir='ltr'><strong><em>λόγους</em></strong></span> <span class='ocrx_word' id='word_1_210' title='bbox 1183 2394 1232 2443; x_wconf 86' lang='lat' dir='ltr'>vel</span> 
     </span>
     <span class='ocr_line' id='line_1_26' title="bbox 180 2453 1230 2526; baseline 0.004 -18"><span class='ocrx_word' id='word_1_211' title='bbox 180 2456 276 2526; x_wconf 73' lang='grc' dir='ltr'><strong><em>λόγους</em></strong></span> <span class='ocrx_word' id='word_1_212' title='bbox 295 2453 511 2524; x_wconf 62' lang='lat' dir='ltr'>purpurariam</span> <span class='ocrx_word' id='word_1_213' title='bbox 533 2455 699 2519; x_wconf 75' lang='lat' dir='ltr'>distinguere</span> <span class='ocrx_word' id='word_1_214' title='bbox 716 2457 787 2506; x_wconf 88' lang='lat' dir='ltr'>solet</span> <span class='ocrx_word' id='word_1_215' title='bbox 805 2458 840 2507; x_wconf 86' lang='lat' dir='ltr'>ab</span> <span class='ocrx_word' id='word_1_216' title='bbox 859 2458 983 2520; x_wconf 80' lang='lat' dir='ltr'>magistri</span> <span class='ocrx_word' id='word_1_217' title='bbox 998 2458 1041 2506; x_wconf 88' lang='lat' dir='ltr'>sui</span> <span class='ocrx_word' id='word_1_218' title='bbox 1059 2453 1230 2526; x_wconf 73' lang='grc' dir='ltr'>ἐρωτήσεσιν.</span> 
     </span>
     <span class='ocr_line' id='line_1_27' title="bbox 183 2525 1231 2595; baseline 0.001 -16"><span class='ocrx_word' id='word_1_219' title='bbox 183 2531 260 2591; x_wconf 75' lang='lat' dir='ltr'>Quod</span> <span class='ocrx_word' id='word_1_220' title='bbox 273 2529 298 2577; x_wconf 86' lang='lat' dir='ltr'>si</span> <span class='ocrx_word' id='word_1_221' title='bbox 312 2534 429 2577; x_wconf 87' lang='lat' dir='ltr'>tutamur</span> <span class='ocrx_word' id='word_1_222' title='bbox 442 2525 537 2576; x_wconf 83' lang='lat' dir='ltr'>uerbis</span> <span class='ocrx_word' id='word_1_223' title='bbox 544 2559 554 2595; x_wconf 89' lang='lat'>,</span> <span class='ocrx_word' id='word_1_224' title='bbox 571 2527 624 2576; x_wconf 88' lang='lat' dir='ltr'>etsi</span> <span class='ocrx_word' id='word_1_225' title='bbox 638 2527 736 2587; x_wconf 87' lang='lat' dir='ltr'>duplex</span> <span class='ocrx_word' id='word_1_226' title='bbox 749 2526 886 2577; x_wconf 85' lang='lat' dir='ltr'>ablativus</span> <span class='ocrx_word' id='word_1_227' title='bbox 898 2539 992 2588; x_wconf 87' lang='lat' dir='ltr'>parum</span> <span class='ocrx_word' id='word_1_228' title='bbox 1003 2529 1082 2578; x_wconf 88' lang='lat' dir='ltr'>hahet</span> <span class='ocrx_word' id='word_1_229' title='bbox 1093 2530 1231 2580; x_wconf 87' lang='lat' dir='ltr'>concinni-</span> 
     </span>
     <span class='ocr_line' id='line_1_28' title="bbox 181 2595 1232 2665; baseline -0.001 -16"><span class='ocrx_word' id='word_1_230' title='bbox 181 2599 265 2665; x_wconf 83' lang='lat' dir='ltr'>tatis,</span> <span class='ocrx_word' id='word_1_231' title='bbox 283 2598 361 2647; x_wconf 87' lang='lat' dir='ltr'>debet</span> <span class='ocrx_word' id='word_1_232' title='bbox 379 2595 407 2645; x_wconf 88' lang='lat' dir='ltr'>id</span> <span class='ocrx_word' id='word_1_233' title='bbox 420 2595 455 2646; x_wconf 82' lang='lat' dir='ltr'>ad</span> <span class='ocrx_word' id='word_1_234' title='bbox 470 2595 604 2659; x_wconf 86' lang='lat' dir='ltr'>colloquia</span> <span class='ocrx_word' id='word_1_235' title='bbox 616 2595 736 2645; x_wconf 74' lang='lat' dir='ltr'>socratis</span> <span class='ocrx_word' id='word_1_236' title='bbox 749 2595 861 2661; x_wconf 81' lang='lat' dir='ltr'>referri,</span> <span class='ocrx_word' id='word_1_237' title='bbox 880 2596 925 2656; x_wconf 89' lang='lat' dir='ltr'>qui</span> <span class='ocrx_word' id='word_1_238' title='bbox 938 2608 1029 2646; x_wconf 86' lang='lat' dir='ltr'>coram</span> <span class='ocrx_word' id='word_1_239' title='bbox 1040 2609 1131 2648; x_wconf 86' lang='lat' dir='ltr'>omnes</span> <span class='ocrx_word' id='word_1_240' title='bbox 1144 2611 1232 2662; x_wconf 76' lang='lat' dir='ltr'>quoae-</span> 
     </span>
     <span class='ocr_line' id='line_1_29' title="bbox 182 2664 991 2730; baseline -0.005 -11"><span class='ocrx_word' id='word_1_241' title='bbox 182 2669 287 2719; x_wconf 78' lang='lat' dir='ltr'>stioucs</span> <span class='ocrx_word' id='word_1_242' title='bbox 301 2665 480 2730; x_wconf 82' lang='lat' dir='ltr'>transigeret,</span> <span class='ocrx_word' id='word_1_243' title='bbox 498 2677 550 2714; x_wconf 89' lang='lat' dir='ltr'>nec</span> <span class='ocrx_word' id='word_1_244' title='bbox 561 2664 661 2719; x_wconf 86' lang='lat' dir='ltr'>litteris</span> <span class='ocrx_word' id='word_1_245' title='bbox 676 2664 818 2728; x_wconf 86' lang='lat' dir='ltr'>quicquam</span> <span class='ocrx_word' id='word_1_246' title='bbox 830 2665 991 2724; x_wconf 75' lang='lat' dir='ltr'>mandaret]</span> 
     </span>
    </p>
   </div>
   <div class='ocr_carea' id='block_1_4' title="bbox 179 2729 1241 3145">
    <p class='ocr_par' dir='ltr' id='par_1_4' title="bbox 181 2729 1231 2864">
     <span class='ocr_line' id='line_1_30' title="bbox 215 2729 1231 2800; baseline 0 -11"><span class='ocrx_word' id='word_1_247' title='bbox 215 2741 261 2789; x_wconf 74' lang='lat'>32.</span> <span class='ocrx_word' id='word_1_248' title='bbox 294 2733 390 2784; x_wconf 80' lang='lat' dir='ltr'>Extitit</span> <span class='ocrx_word' id='word_1_249' title='bbox 402 2729 498 2798; x_wconf 83' lang='lat' dir='ltr'>igitur]</span> <span class='ocrx_word' id='word_1_250' title='bbox 515 2735 597 2783; x_wconf 76' lang='lat' dir='ltr'>Totus</span> <span class='ocrx_word' id='word_1_251' title='bbox 609 2733 653 2783; x_wconf 90' lang='lat' dir='ltr'>hic</span> <span class='ocrx_word' id='word_1_252' title='bbox 663 2732 741 2783; x_wconf 87' lang='lat' dir='ltr'>locus</span> <span class='ocrx_word' id='word_1_253' title='bbox 753 2733 825 2797; x_wconf 83' lang='lat' dir='ltr'>spud</span> <span class='ocrx_word' id='word_1_254' title='bbox 837 2732 962 2785; x_wconf 79' lang='lat' dir='ltr'>Rufinum</span> <span class='ocrx_word' id='word_1_255' title='bbox 974 2731 1117 2786; x_wconf 81' lang='lat' dir='ltr'>Debleiris</span> <span class='ocrx_word' id='word_1_256' title='bbox 1131 2749 1159 2800; x_wconf 88' lang='lat' dir='ltr'>p.</span> <span class='ocrx_word' id='word_1_257' title='bbox 1167 2735 1231 2795; x_wconf 77' lang='lat'>18⁹.</span> 
     </span>
     <span class='ocr_line' id='line_1_31' title="bbox 181 2801 1081 2864; baseline -0.011 -6"><span class='ocrx_word' id='word_1_258' title='bbox 181 2807 224 2858; x_wconf 83' lang='lat' dir='ltr'>ed.</span> <span class='ocrx_word' id='word_1_259' title='bbox 238 2804 321 2855; x_wconf 81' lang='lat' dir='ltr'>orell.</span> <span class='ocrx_word' id='word_1_260' title='bbox 332 2801 442 2864; x_wconf 81' lang='lat' dir='ltr'>legitur.</span> <span class='ocrx_word' id='word_1_261' title='bbox 943 2819 947 2825; x_wconf 95' lang='lat'>·</span> <span class='ocrx_word' id='word_1_262' title='bbox 1075 2852 1081 2860; x_wconf 89' lang='lat'>..</span> 
     </span>
    </p>

    <p class='ocr_par' dir='ltr' id='par_1_5' title="bbox 215 2865 753 2938">
     <span class='ocr_line' id='line_1_32' title="bbox 215 2865 753 2938; baseline -0.019 -13"><span class='ocrx_word' id='word_1_263' title='bbox 215 2871 317 2938; x_wconf 85' lang='lat' dir='ltr'>caruit]</span> <span class='ocrx_word' id='word_1_264' title='bbox 344 2872 412 2920; x_wconf 86' lang='lat' dir='ltr'>item</span> <span class='ocrx_word' id='word_1_265' title='bbox 426 2869 469 2918; x_wconf 84' lang='lat' dir='ltr'>ed.</span> <span class='ocrx_word' id='word_1_266' title='bbox 483 2881 525 2931; x_wconf 90' lang='lat' dir='ltr'>pr.</span> <span class='ocrx_word' id='word_1_267' title='bbox 539 2865 674 2920; x_wconf 79' lang='lat' dir='ltr'>caruerit</span> <span class='ocrx_word' id='word_1_268' title='bbox 686 2869 753 2918; x_wconf 86' lang='lat' dir='ltr'>Asc.</span> 
     </span>
    </p>

    <p class='ocr_par' dir='ltr' id='par_1_6' title="bbox 213 2936 857 3005">
     <span class='ocr_line' id='line_1_33' title="bbox 213 2936 857 3005; baseline -0.008 -12"><span class='ocrx_word' id='word_1_269' title='bbox 213 2955 274 2994; x_wconf 88' lang='lat' dir='ltr'>meo</span> <span class='ocrx_word' id='word_1_270' title='bbox 288 2938 394 3004; x_wconf 87' lang='lat' dir='ltr'>quidem</span> <span class='ocrx_word' id='word_1_271' title='bbox 406 2937 515 2999; x_wconf 87' lang='lat' dir='ltr'>iudicio]</span> <span class='ocrx_word' id='word_1_272' title='bbox 540 2937 655 3005; x_wconf 84' lang='lat' dir='ltr'>quidem</span> <span class='ocrx_word' id='word_1_273' title='bbox 667 2949 718 2987; x_wconf 89' lang='lat' dir='ltr'>om.</span> <span class='ocrx_word' id='word_1_274' title='bbox 731 2936 857 2988; x_wconf 84' lang='lat' dir='ltr'>Rufinus.</span> 
     </span>
    </p>

    <p class='ocr_par' dir='ltr' id='par_1_7' title="bbox 179 3003 1241 3145">
     <span class='ocr_line' id='line_1_34' title="bbox 210 3003 1230 3073; baseline -0.001 -12"><span class='ocrx_word' id='word_1_275' title='bbox 210 3003 322 3073; x_wconf 78' lang='lat' dir='ltr'>postea]</span> <span class='ocrx_word' id='word_1_276' title='bbox 349 3009 418 3059; x_wconf 84' lang='lat' dir='ltr'>Item</span> <span class='ocrx_word' id='word_1_277' title='bbox 437 3009 478 3056; x_wconf 92' lang='lat' dir='ltr'>ed.</span> <span class='ocrx_word' id='word_1_278' title='bbox 497 3020 538 3070; x_wconf 89' lang='lat' dir='ltr'>pr.</span> <span class='ocrx_word' id='word_1_279' title='bbox 555 3009 643 3071; x_wconf 78' lang='lat' dir='ltr'>poeta</span> <span class='ocrx_word' id='word_1_280' title='bbox 662 3007 752 3058; x_wconf 87' lang='lat' dir='ltr'>Rufini</span> <span class='ocrx_word' id='word_1_281' title='bbox 772 3009 831 3057; x_wconf 88' lang='lat' dir='ltr'>cod.</span> <span class='ocrx_word' id='word_1_282' title='bbox 846 3004 960 3067; x_wconf 70' lang='lat' dir='ltr'>hlinsidl,</span> <span class='ocrx_word' id='word_1_283' title='bbox 974 3015 1002 3065; x_wconf 85' lang='lat' dir='ltr'>et</span> <span class='ocrx_word' id='word_1_284' title='bbox 1022 3008 1064 3057; x_wconf 74' lang='lat' dir='ltr'>ed.</span> <span class='ocrx_word' id='word_1_285' title='bbox 1076 3006 1146 3067; x_wconf 82' lang='lat' dir='ltr'>lunt.</span> <span class='ocrx_word' id='word_1_286' title='bbox 1164 3021 1230 3071; x_wconf 80' lang='lat' dir='ltr'>pro-</span> 
     </span>
     <span class='ocr_line' id='line_1_35' title="bbox 179 3074 1241 3145; baseline -0.003 -12"><span class='ocrx_word' id='word_1_287' title='bbox 179 3081 262 3133; x_wconf 79' lang='lat' dir='ltr'>hauto</span> <span class='ocrx_word' id='word_1_288' title='bbox 281 3077 375 3142; x_wconf 80' lang='lat' dir='ltr'>Lipsio</span> <span class='ocrx_word' id='word_1_289' title='bbox 398 3078 480 3129; x_wconf 81' lang='lat' dir='ltr'>Varr.</span> <span class='ocrx_word' id='word_1_290' title='bbox 501 3077 589 3135; x_wconf 74' lang='lat' dir='ltr'>betti.</span> <span class='ocrx_word' id='word_1_291' title='bbox 610 3074 669 3145; x_wconf 88' lang='lat'>111,</span> <span class='ocrx_word' id='word_1_292' title='bbox 692 3075 734 3128; x_wconf 77' lang='lat' dir='ltr'>tt.</span> <span class='ocrx_word' id='word_1_293' title='bbox 757 3088 837 3141; x_wconf 80' lang='lat' dir='ltr'>quem</span> <span class='ocrx_word' id='word_1_294' title='bbox 854 3084 1003 3141; x_wconf 83' lang='lat' dir='ltr'>sequuntur</span> <span class='ocrx_word' id='word_1_295' title='bbox 1021 3078 1098 3128; x_wconf 83' lang='lat' dir='ltr'>Grnt.</span> <span class='ocrx_word' id='word_1_296' title='bbox 1116 3084 1144 3129; x_wconf 89' lang='lat' dir='ltr'>et</span> <span class='ocrx_word' id='word_1_297' title='bbox 1163 3080 1241 3135; x_wconf 70' lang='lat' dir='ltr'>litu„</span> 
     </span>
    </p>
   </div>
   <div class='ocr_carea' id='block_1_5' title="bbox 145 3196 1248 3827">
    <p class='ocr_par' dir='ltr' id='par_1_8' title="bbox 196 3196 1231 3274">
     <span class='ocr_line' id='line_1_36' title="bbox 196 3196 1231 3274; baseline -0.003 -14"><span class='ocrx_word' id='word_1_298' title='bbox 196 3211 242 3260; x_wconf 79' lang='lat' dir='ltr'>st.</span> <span class='ocrx_word' id='word_1_299' title='bbox 265 3208 547 3270; x_wconf 82' lang='lat' dir='ltr'>[nonilladenatura]</span> <span class='ocrx_word' id='word_1_300' title='bbox 564 3204 667 3272; x_wconf 80' lang='lat' dir='ltr'>„Alias</span> <span class='ocrx_word' id='word_1_301' title='bbox 707 3197 902 3272; x_wconf 66' lang='lat' dir='ltr'>iniustissimos</span> <span class='ocrx_word' id='word_1_302' title='bbox 914 3199 1024 3274; x_wconf 78' lang='grc' dir='ltr'><strong><em>πρώτου</em></strong></span> <span class='ocrx_word' id='word_1_303' title='bbox 1035 3196 1231 3271; x_wconf 74' lang='grc' dir='ltr'>τ’ἡοδοοῖνοιον.</span> 
     </span>
    </p>

    <p class='ocr_par' dir='ltr' id='par_1_9' title="bbox 146 3273 1231 3340">
     <span class='ocr_line' id='line_1_37' title="bbox 146 3273 1231 3340; baseline -0.006 -9"><span class='ocrx_word' id='word_1_304' title='bbox 146 3288 238 3331; x_wconf 84' lang='lat' dir='ltr'>tamen</span> <span class='ocrx_word' id='word_1_305' title='bbox 249 3282 319 3329; x_wconf 87' lang='lat' dir='ltr'>nude</span> <span class='ocrx_word' id='word_1_306' title='bbox 332 3281 373 3329; x_wconf 86' lang='lat' dir='ltr'>sic</span> <span class='ocrx_word' id='word_1_307' title='bbox 386 3276 458 3340; x_wconf 89' lang='lat' dir='ltr'>loqui</span> <span class='ocrx_word' id='word_1_308' title='bbox 466 3289 518 3325; x_wconf 90' lang='lat' dir='ltr'>uon</span> <span class='ocrx_word' id='word_1_309' title='bbox 527 3277 605 3340; x_wconf 88' lang='lat' dir='ltr'>solet,</span> <span class='ocrx_word' id='word_1_310' title='bbox 619 3276 668 3324; x_wconf 88' lang='lat' dir='ltr'>sed</span> <span class='ocrx_word' id='word_1_311' title='bbox 708 3276 785 3324; x_wconf 84' lang='lat' dir='ltr'>Adde</span> <span class='ocrx_word' id='word_1_312' title='bbox 808 3289 833 3336; x_wconf 89' lang='lat' dir='ltr'>p.</span> <span class='ocrx_word' id='word_1_313' title='bbox 852 3276 911 3322; x_wconf 89' lang='grc'><strong>266.</strong></span> <span class='ocrx_word' id='word_1_314' title='bbox 952 3275 1036 3324; x_wconf 78' lang='lat' dir='ltr'>Citius</span> <span class='ocrx_word' id='word_1_315' title='bbox 1062 3273 1231 3336; x_wconf 80' lang='lat' dir='ltr'>pbilosophis</span> 
     </span>
    </p>

    <p class='ocr_par' dir='ltr' id='par_1_10' title="bbox 145 3340 1230 3408">
     <span class='ocr_line' id='line_1_38' title="bbox 145 3340 1230 3408; baseline -0.007 -7"><span class='ocrx_word' id='word_1_316' title='bbox 145 3348 237 3401; x_wconf 84' lang='lat' dir='ltr'>addito</span> <span class='ocrx_word' id='word_1_317' title='bbox 248 3361 361 3408; x_wconf 83' lang='lat' dir='ltr'>semper</span> <span class='ocrx_word' id='word_1_318' title='bbox 377 3340 514 3396; x_wconf 81' lang='lat' dir='ltr'>rerum.“</span> <span class='ocrx_word' id='word_1_319' title='bbox 549 3344 668 3395; x_wconf 82' lang='lat' dir='ltr'>Weizel.</span> <span class='ocrx_word' id='word_1_320' title='bbox 707 3344 807 3394; x_wconf 86' lang='lat' dir='ltr'>dicitur</span> <span class='ocrx_word' id='word_1_321' title='bbox 826 3343 911 3408; x_wconf 84' lang='lat' dir='ltr'>baec,</span> <span class='ocrx_word' id='word_1_322' title='bbox 931 3345 1001 3407; x_wconf 89' lang='lat' dir='ltr'>quod</span> <span class='ocrx_word' id='word_1_323' title='bbox 1014 3349 1042 3393; x_wconf 80' lang='lat' dir='ltr'>ct</span> <span class='ocrx_word' id='word_1_324' title='bbox 1059 3341 1230 3393; x_wconf 79' lang='lat' dir='ltr'>(ilceromo-</span> 
     </span>
    </p>

    <p class='ocr_par' dir='ltr' id='par_1_11' title="bbox 145 3411 1229 3480">
     <span class='ocr_line' id='line_1_39' title="bbox 145 3411 1229 3480; baseline -0.006 -12"><span class='ocrx_word' id='word_1_325' title='bbox 145 3417 278 3474; x_wconf 71' lang='lat' dir='ltr'>Nimirum</span> <span class='ocrx_word' id='word_1_326' title='bbox 297 3416 482 3479; x_wconf 81' lang='lat' dir='ltr'>significantur</span> <span class='ocrx_word' id='word_1_327' title='bbox 496 3425 531 3463; x_wconf 88' lang='lat' dir='ltr'>ex</span> <span class='ocrx_word' id='word_1_328' title='bbox 549 3415 677 3476; x_wconf 88' lang='lat' dir='ltr'>philoso-·</span> <span class='ocrx_word' id='word_1_329' title='bbox 707 3415 794 3465; x_wconf 83' lang='lat' dir='ltr'>talem</span> <span class='ocrx_word' id='word_1_330' title='bbox 802 3420 908 3474; x_wconf 84' lang='lat' dir='ltr'>partem</span> <span class='ocrx_word' id='word_1_331' title='bbox 916 3426 981 3473; x_wconf 85' lang='lat' dir='ltr'>prae</span> <span class='ocrx_word' id='word_1_332' title='bbox 994 3411 1092 3461; x_wconf 88' lang='lat' dir='ltr'>ceteris</span> <span class='ocrx_word' id='word_1_333' title='bbox 1100 3413 1229 3480; x_wconf 83' lang='lat' dir='ltr'>excoluit,</span> 
     </span>
    </p>

    <p class='ocr_par' dir='ltr' id='par_1_12' title="bbox 145 3477 1248 3620">
     <span class='ocr_line' id='line_1_40' title="bbox 145 3477 1248 3552; baseline -0.003 -16"><span class='ocrx_word' id='word_1_334' title='bbox 145 3485 219 3552; x_wconf 82' lang='lat' dir='ltr'>phis.</span> <span class='ocrx_word' id='word_1_335' title='bbox 228 3477 259 3536; x_wconf 83' lang='grc' dir='ltr'>οἱ</span> <span class='ocrx_word' id='word_1_336' title='bbox 275 3478 447 3550; x_wconf 77' lang='grc' dir='ltr'><strong><em>φυσιολόγοι,</em></strong></span> <span class='ocrx_word' id='word_1_337' title='bbox 476 3495 588 3544; x_wconf 86' lang='lat' dir='ltr'>quorum</span> <span class='ocrx_word' id='word_1_338' title='bbox 609 3489 668 3533; x_wconf 84' lang='lat' dir='ltr'>erat</span> <span class='ocrx_word' id='word_1_339' title='bbox 709 3489 738 3531; x_wconf 89' lang='lat' dir='ltr'>et</span> <span class='ocrx_word' id='word_1_340' title='bbox 752 3482 828 3532; x_wconf 89' lang='lat' dir='ltr'>illius</span> <span class='ocrx_word' id='word_1_341' title='bbox 842 3488 932 3532; x_wconf 85' lang='lat' dir='ltr'>aetate</span> <span class='ocrx_word' id='word_1_342' title='bbox 944 3481 1048 3545; x_wconf 82' lang='lat' dir='ltr'>reliqua</span> <span class='ocrx_word' id='word_1_343' title='bbox 1057 3492 1159 3544; x_wconf 81' lang='lat' dir='ltr'>genera</span> <span class='ocrx_word' id='word_1_344' title='bbox 1170 3482 1230 3533; x_wconf 80' lang='lat' dir='ltr'>iere</span> <span class='ocrx_word' id='word_1_345' title='bbox 1245 3504 1248 3509; x_wconf 90' lang='lat'>·</span> 
     </span>
     <span class='ocr_line' id='line_1_41' title="bbox 145 3550 1022 3620; baseline -0.007 -15"><span class='ocrx_word' id='word_1_346' title='bbox 145 3554 264 3620; x_wconf 83' lang='lat' dir='ltr'>physice</span> <span class='ocrx_word' id='word_1_347' title='bbox 275 3552 426 3613; x_wconf 81' lang='lat' dir='ltr'>disciplina·</span> <span class='ocrx_word' id='word_1_348' title='bbox 443 3552 513 3602; x_wconf 84' lang='lat' dir='ltr'>Nam</span> <span class='ocrx_word' id='word_1_349' title='bbox 525 3553 558 3601; x_wconf 86' lang='lat' dir='ltr'>dc</span> <span class='ocrx_word' id='word_1_350' title='bbox 571 3560 670 3604; x_wconf 78' lang='lat' dir='ltr'>natura</span> <span class='ocrx_word' id='word_1_351' title='bbox 709 3557 862 3613; x_wconf 84' lang='lat' dir='ltr'>contempta</span> <span class='ocrx_word' id='word_1_352' title='bbox 875 3550 1022 3609; x_wconf 83' lang='lat' dir='ltr'>iacebunt]</span> 
     </span>
    </p>

    <p class='ocr_par' dir='ltr' id='par_1_13' title="bbox 145 3615 1231 3690">
     <span class='ocr_line' id='line_1_42' title="bbox 145 3615 1231 3690; baseline -0.006 -14"><span class='ocrx_word' id='word_1_353' title='bbox 145 3636 238 3677; x_wconf 83' lang='lat' dir='ltr'>rerum</span> <span class='ocrx_word' id='word_1_354' title='bbox 261 3621 310 3672; x_wconf 86' lang='lat' dir='ltr'>elii</span> <span class='ocrx_word' id='word_1_355' title='bbox 334 3618 440 3682; x_wconf 86' lang='lat' dir='ltr'>plurimi</span> <span class='ocrx_word' id='word_1_356' title='bbox 464 3624 666 3690; x_wconf 86' lang='lat' dir='ltr'>quaesiverunt,</span> <span class='ocrx_word' id='word_1_357' title='bbox 759 3623 802 3669; x_wconf 83' lang='lat'>32.</span> <span class='ocrx_word' id='word_1_358' title='bbox 826 3620 918 3678; x_wconf 90' lang='lat' dir='ltr'>[cuius</span> <span class='ocrx_word' id='word_1_359' title='bbox 931 3615 1231 3671; x_wconf 59' lang='lat' dir='ltr'>domus-officiandi</span> 
     </span>
    </p>

    <p class='ocr_par' dir='ltr' id='par_1_14' title="bbox 146 3687 1231 3758">
     <span class='ocr_line' id='line_1_43' title="bbox 146 3687 1231 3758; baseline -0.002 -14"><span class='ocrx_word' id='word_1_360' title='bbox 146 3688 668 3758; x_wconf 82' lang='lat' dir='ltr'>quosconstatabrationihosphysiolo-</span> <span class='ocrx_word' id='word_1_361' title='bbox 708 3689 799 3748; x_wconf 87' lang='lat' dir='ltr'>cendi]</span> <span class='ocrx_word' id='word_1_362' title='bbox 824 3689 926 3738; x_wconf 84' lang='lat' dir='ltr'>Eadem</span> <span class='ocrx_word' id='word_1_363' title='bbox 945 3701 1027 3753; x_wconf 89' lang='lat' dir='ltr'>prope</span> <span class='ocrx_word' id='word_1_364' title='bbox 1042 3687 1105 3738; x_wconf 85' lang='lat' dir='ltr'>laus</span> <span class='ocrx_word' id='word_1_365' title='bbox 1121 3688 1231 3742; x_wconf 86' lang='lat' dir='ltr'>isocra-</span> 
     </span>
    </p>

    <p class='ocr_par' dir='ltr' id='par_1_15' title="bbox 146 3756 1230 3827">
     <span class='ocr_line' id='line_1_44' title="bbox 146 3756 1230 3827; baseline -0.003 -15"><span class='ocrx_word' id='word_1_366' title='bbox 146 3773 241 3827; x_wconf 81' lang='lat' dir='ltr'>gorum</span> <span class='ocrx_word' id='word_1_367' title='bbox 255 3758 435 3810; x_wconf 85' lang='lat' dir='ltr'>abhorruisse.</span> <span class='ocrx_word' id='word_1_368' title='bbox 468 3756 588 3807; x_wconf 85' lang='lat' dir='ltr'>Similem</span> <span class='ocrx_word' id='word_1_369' title='bbox 600 3772 667 3810; x_wconf 85' lang='lat' dir='ltr'>vero</span> <span class='ocrx_word' id='word_1_370' title='bbox 708 3759 745 3808; x_wconf 87' lang='lat' dir='ltr'>tis</span> <span class='ocrx_word' id='word_1_371' title='bbox 762 3764 837 3819; x_wconf 81' lang='lat' dir='ltr'>extat</span> <span class='ocrx_word' id='word_1_372' title='bbox 854 3757 884 3806; x_wconf 91' lang='lat' dir='ltr'>in</span> <span class='ocrx_word' id='word_1_373' title='bbox 902 3757 1230 3820; x_wconf 81' lang='lat' dir='ltr'>Orat.13.etmagnilica</span> 
     </span>
    </p>
   </div>
   <div class='ocr_carea' id='block_1_6' title="bbox 57 3826 1255 3889">
    <p class='ocr_par' dir='ltr' id='par_1_16' title="bbox 57 3826 1255 3889">
     <span class='ocr_line' id='line_1_45' title="bbox 57 3826 1255 3889; baseline -0.007 -4"><span class='ocrx_word' id='word_1_374' title='bbox 57 3842 65 3853; x_wconf 84' lang='lat'><em>&#39;</em></span> <span class='ocrx_word' id='word_1_375' title='bbox 145 3833 254 3884; x_wconf 88' lang='lat' dir='ltr'>laudem</span> <span class='ocrx_word' id='word_1_376' title='bbox 264 3827 369 3880; x_wconf 80' lang='lat' dir='ltr'>Socrati</span> <span class='ocrx_word' id='word_1_377' title='bbox 382 3826 519 3876; x_wconf 87' lang='lat' dir='ltr'>concessit</span> <span class='ocrx_word' id='word_1_378' title='bbox 530 3828 667 3877; x_wconf 83' lang='lat' dir='ltr'>Aristote-</span> <span class='ocrx_word' id='word_1_379' title='bbox 708 3834 805 3878; x_wconf 84' lang='lat' dir='ltr'>ornata</span> <span class='ocrx_word' id='word_1_380' title='bbox 834 3827 907 3889; x_wconf 82' lang='lat' dir='ltr'>apud</span> <span class='ocrx_word' id='word_1_381' title='bbox 938 3828 1053 3888; x_wconf 84' lang='lat' dir='ltr'>Dionys.</span> <span class='ocrx_word' id='word_1_382' title='bbox 1083 3827 1164 3876; x_wconf 87' lang='lat' dir='ltr'>iudic.</span> <span class='ocrx_word' id='word_1_383' title='bbox 1195 3831 1255 3877; x_wconf 91' lang='lat' dir='ltr'>de·</span> 
     </span>
    </p>
   </div>
   <div class='ocr_carea' id='block_1_7' title="bbox 145 3888 1251 4238">
    <p class='ocr_par' dir='ltr' id='par_1_17' title="bbox 145 3888 1251 4238">
     <span class='ocr_line' id='line_1_46' title="bbox 145 3888 1231 3963; baseline -0.008 -14"><span class='ocrx_word' id='word_1_384' title='bbox 145 3902 189 3950; x_wconf 86' lang='lat' dir='ltr'>les</span> <span class='ocrx_word' id='word_1_385' title='bbox 201 3899 319 3960; x_wconf 81' lang='lat' dir='ltr'>Mctsph.</span> <span class='ocrx_word' id='word_1_386' title='bbox 332 3896 355 3951; x_wconf 89' lang='lat'>1.</span> <span class='ocrx_word' id='word_1_387' title='bbox 367 3898 393 3946; x_wconf 92' lang='grc'><strong>6.</strong></span> <span class='ocrx_word' id='word_1_388' title='bbox 406 3907 432 3956; x_wconf 87' lang='lat' dir='ltr'>p·</span> <span class='ocrx_word' id='word_1_389' title='bbox 444 3894 488 3951; x_wconf 84' lang='lat'>20.</span> <span class='ocrx_word' id='word_1_390' title='bbox 505 3888 668 3961; x_wconf 68' lang='grc' dir='ltr'><strong><em>Σωκράτους</em></strong></span> <span class='ocrx_word' id='word_1_391' title='bbox 709 3896 794 3945; x_wconf 88' lang='lat' dir='ltr'>Isocr.</span> <span class='ocrx_word' id='word_1_392' title='bbox 807 3897 833 3949; x_wconf 88' lang='lat'>1.</span> <span class='ocrx_word' id='word_1_393' title='bbox 868 3895 971 3946; x_wconf 89' lang='lat' dir='ltr'>Deinde</span> <span class='ocrx_word' id='word_1_394' title='bbox 988 3895 1057 3957; x_wconf 80' lang='lat' dir='ltr'>quod</span> <span class='ocrx_word' id='word_1_395' title='bbox 1069 3894 1118 3945; x_wconf 90' lang='lat' dir='ltr'>ille</span> <span class='ocrx_word' id='word_1_396' title='bbox 1127 3897 1231 3963; x_wconf 69' lang='lat' dir='ltr'>foreat..</span> 
     </span>
     <span class='ocr_line' id='line_1_47' title="bbox 146 3957 1251 4036; baseline -0.002 -17"><span class='ocrx_word' id='word_1_397' title='bbox 146 3964 176 4019; x_wconf 80' lang='grc' dir='ltr'>δὲ</span> <span class='ocrx_word' id='word_1_398' title='bbox 188 3969 251 4036; x_wconf 78' lang='lat' dir='ltr'>trapi</span> <span class='ocrx_word' id='word_1_399' title='bbox 260 3963 312 4032; x_wconf 74' lang='grc' dir='ltr'>μὲν</span> <span class='ocrx_word' id='word_1_400' title='bbox 324 3961 360 4017; x_wconf 77' lang='lat' dir='ltr'>roi</span> <span class='ocrx_word' id='word_1_401' title='bbox 374 3957 464 4026; x_wconf 74' lang='grc' dir='ltr'><strong><em>ἠθικοὶ</em></strong></span> <span class='ocrx_word' id='word_1_402' title='bbox 475 3980 497 4012; x_wconf 83' lang='grc' dir='ltr'><em>π</em></span> <span class='ocrx_word' id='word_1_403' title='bbox 515 3962 667 4029; x_wconf 66' lang='lat' dir='ltr'>cynciaco·</span> <span class='ocrx_word' id='word_1_404' title='bbox 709 3964 736 4014; x_wconf 83' lang='lat' dir='ltr'>si</span> <span class='ocrx_word' id='word_1_405' title='bbox 755 3963 951 4032; x_wconf 71' lang='lat' dir='ltr'>increbruit,</span> <span class='ocrx_word' id='word_1_406' title='bbox 970 3965 1029 4025; x_wconf 88' lang='lat' dir='ltr'>ipse</span> <span class='ocrx_word' id='word_1_407' title='bbox 1042 3977 1142 4016; x_wconf 81' lang='lat' dir='ltr'>cctrsss</span> <span class='ocrx_word' id='word_1_408' title='bbox 1155 3974 1230 4017; x_wconf 71' lang='lat' dir='ltr'>abu-</span> <span class='ocrx_word' id='word_1_409' title='bbox 1248 3984 1251 3990; x_wconf 89' lang='lat'>·</span> 
     </span>
     <span class='ocr_line' id='line_1_48' title="bbox 146 3979 1230 4102; baseline 0 -17"><span class='ocrx_word' id='word_1_410' title='bbox 146 4035 243 4102; x_wconf 79' lang='grc' dir='ltr'><strong><em>μέυου,</em></strong></span> <span class='ocrx_word' id='word_1_411' title='bbox 274 4037 338 4101; x_wconf 78' lang='grc' dir='ltr'><strong><em>περὶ</em></strong></span> <span class='ocrx_word' id='word_1_412' title='bbox 360 4026 398 4100; x_wconf 52' lang='lat' dir='ltr'>ii,</span> <span class='ocrx_word' id='word_1_413' title='bbox 411 4025 459 4095; x_wconf 83' lang='grc' dir='ltr'>τῆτ</span> <span class='ocrx_word' id='word_1_414' title='bbox 482 3979 545 4095; x_wconf 58' lang='lat' dir='ltr'>bins</span> <span class='ocrx_word' id='word_1_415' title='bbox 567 4026 668 4098; x_wconf 75' lang='lat' dir='ltr'>piaton</span> <span class='ocrx_word' id='word_1_416' title='bbox 708 4033 741 4082; x_wconf 91' lang='lat' dir='ltr'>lit</span> <span class='ocrx_word' id='word_1_417' title='bbox 753 4034 837 4099; x_wconf 88' lang='lat' dir='ltr'>duas,</span> <span class='ocrx_word' id='word_1_418' title='bbox 853 4036 924 4096; x_wconf 88' lang='lat' dir='ltr'>quod</span> <span class='ocrx_word' id='word_1_419' title='bbox 937 4034 1098 4084; x_wconf 82' lang='lat' dir='ltr'>confidentis</span> <span class='ocrx_word' id='word_1_420' title='bbox 1111 4041 1139 4084; x_wconf 87' lang='lat' dir='ltr'>et</span> <span class='ocrx_word' id='word_1_421' title='bbox 1151 4034 1230 4085; x_wconf 81' lang='lat' dir='ltr'>vocis</span> 
     </span>
     <span class='ocr_line' id='line_1_49' title="bbox 147 4093 1232 4169; baseline -0.008 -16"><span class='ocrx_word' id='word_1_422' title='bbox 147 4097 247 4166; x_wconf 78' lang='lat' dir='ltr'>oiblr,</span> <span class='ocrx_word' id='word_1_423' title='bbox 270 4097 301 4154; x_wconf 77' lang='grc' dir='ltr'>ἐν</span> <span class='ocrx_word' id='word_1_424' title='bbox 319 4099 417 4169; x_wconf 70' lang='grc' dir='ltr'><strong><em>μέντοι</em></strong></span> <span class='ocrx_word' id='word_1_425' title='bbox 437 4093 545 4153; x_wconf 69' lang='grc' dir='ltr'><strong><em>τούτοις</em></strong></span> <span class='ocrx_word' id='word_1_426' title='bbox 564 4095 596 4150; x_wconf 77' lang='grc' dir='ltr'>τὸ</span> <span class='ocrx_word' id='word_1_427' title='bbox 613 4115 668 4151; x_wconf 86' lang='grc' dir='ltr'>κο-</span> <span class='ocrx_word' id='word_1_428' title='bbox 708 4101 862 4164; x_wconf 79' lang='lat' dir='ltr'>magnitudo</span> <span class='ocrx_word' id='word_1_429' title='bbox 882 4101 1041 4153; x_wconf 80' lang='lat' dir='ltr'>defuissent.</span> <span class='ocrx_word' id='word_1_430' title='bbox 1078 4103 1149 4157; x_wconf 83' lang='lat' dir='ltr'>Vide</span> <span class='ocrx_word' id='word_1_431' title='bbox 1159 4105 1232 4158; x_wconf 79' lang='lat' dir='ltr'>Vsl.</span> 
     </span>
     <span class='ocr_line' id='line_1_50' title="bbox 146 4161 1063 4238; baseline -0.001 -13"><span class='ocrx_word' id='word_1_432' title='bbox 146 4166 236 4225; x_wconf 70' lang='grc' dir='ltr'><strong><em>θόλου</em></strong></span> <span class='ocrx_word' id='word_1_433' title='bbox 254 4166 397 4238; x_wconf 56' lang='lat' dir='ltr'>{morium</span> <span class='ocrx_word' id='word_1_434' title='bbox 410 4167 457 4222; x_wconf 78' lang='lat' dir='ltr'>tici</span> <span class='ocrx_word' id='word_1_435' title='bbox 470 4169 534 4237; x_wconf 74' lang='grc' dir='ltr'>περὶ</span> <span class='ocrx_word' id='word_1_436' title='bbox 547 4161 669 4237; x_wconf 67' lang='grc' dir='ltr'>ὁρισμῶν</span> <span class='ocrx_word' id='word_1_437' title='bbox 709 4172 787 4223; x_wconf 72' lang='lat' dir='ltr'>chen.</span> <span class='ocrx_word' id='word_1_438' title='bbox 802 4172 831 4226; x_wconf 80' lang='lat' dir='ltr'>in</span> <span class='ocrx_word' id='word_1_439' title='bbox 841 4173 873 4225; x_wconf 83' lang='lat' dir='ltr'>ii.</span> <span class='ocrx_word' id='word_1_440' title='bbox 890 4172 970 4236; x_wconf 69' lang='lat' dir='ltr'>Hipp</span> <span class='ocrx_word' id='word_1_441' title='bbox 985 4172 1063 4231; x_wconf 65' lang='lat' dir='ltr'>beo]</span> 
     </span>
    </p>
   </div>
   <div class='ocr_carea' id='block_1_8' title="bbox 0 0 1342 4748">
    <p class='ocr_par' dir='ltr' id='par_1_18' title="bbox 0 0 1342 4748">
     <span class='ocr_line' id='line_1_51' title="bbox 0 0 1342 4748; baseline 0 1"><span class='ocrx_word' id='word_1_442' title='bbox 0 0 1342 4748; x_wconf 95' lang='lat' dir='ltr'> </span> 
     </span>
    </p>
   </div>
  </div>
 </body>
</html>
