2676 4748
176 299 247 375 128
596 294 852 375 BRUTUSe
944 406 947 419 Ι

155 508 254 563 ,rum
266 462 563 577 exemplorumque
575 488 689 578 copia,
711 493 816 577 atquo
829 434 968 559 ilatum
982 488 1091 561 abhis
1112 490 1271 580 patronis

179 577 382 665 aequalibus
401 583 438 643 et
459 578 526 642 iatu
547 577 785 644 consularibus
802 599 904 646 causa
919 579 980 645 illa
994 576 1084 645 dicta
1098 587 1169 663 est,
1189 602 1270 647 cunr

177 672 321 753 uterque
342 686 383 730 ex
406 664 577 730 contraria
598 673 696 753 parte
718 665 774 731 ius
793 667 893 735 ciuile
909 665 1121 748 defenderet,
1143 674 1183 733 ut
1194 671 1271 735 elo-

176 752 351 842 quentium
373 750 688 836 iurisperitissimus
704 750 871 835 Crassus,
898 752 1173 843 iurisperitorum
1195 759 1269 822 elo·

176 841 421 931 quentissiurus
443 837 606 907 Scaevola
627 847 824 928 putaretur:
852 841 911 928 qui
925 841 1061 930 quidem
1075 864 1150 908 oum
1166 864 1277 933 pera-t

177 937 278 999 sutus
298 935 397 999 esset,
413 926 457 993 ad
477 927 756 1012 excogitandum,
783 927 866 1016 quid
885 930 921 997 iu
940 932 1015 997 iure
1029 937 1088 996 aut
1107 931 1141 996 in
1156 953 1271 1018 aequo

175 1039 293 1087 uerum
315 1023 376 1083 aut
394 1022 488 1081 esset
509 1025 653 1083 autnon
676 1023 787 1097 esset,
814 1025 885 1082 tum
909 1019 1021 1084 verbis
1039 1024 1114 1084 erat
1134 1017 1267 1085 adrem

68 1153 70 1158 ν
176 1126 253 1174 cunr
276 1125 406 1171 summu
425 1102 592 1170 brevitate
611 1103 814 1169 mirabiliter
837 1111 951 1192 aptust
992 1107 1069 1176 lio.
1097 1126 1203 1192 quare
1217 1107 1267 1173 sit

175 1193 276 1262 nobis
288 1199 405 1260 orator
419 1192 454 1256 in
467 1190 806 1279 hocinterpretondi,
827 1190 1044 1281 explanandi,
1072 1192 1267 1260 edisseren-

177 1283 214 1350 di
234 1303 355 1369 genere
376 1277 560 1359 mirabilis,
588 1279 637 1344 sic
662 1285 701 1344 ut
721 1279 834 1345 'simile
855 1280 940 1346 nihil
960 1279 1119 1364 viderim,
1148 1282 1185 1347 in
1204 1303 1266 1349 au-

176 1369 307 1459 gendo,
328 1369 365 1435 in
388 1365 556 1445 ornando,
577 1366 612 1431 in
632 1365 815 1432 refellendo
837 1389 889 1432 ma
915 1368 944 1434 is
964 1368 1176 1434 existimator
1193 1390 1265 1436 me-

176 1457 324 1527 tuendus
343 1476 443 1543 quarn
465 1452 682 1519 admirandus
697 1460 825 1525 orator.
935 1501 945 1524 .
972 1457 1051 1545 14⁷,
1072 1455 1203 1524 Varum
1218 1456 1264 1524 ad

177 1546 342 1617 Crassum
365 1550 591 1611 revertamur,
633 1541 723 1609 Tum
743 1540 898 1624 Brutus,
914 1540 994 1610 Etsi
1015 1543 1119 1624 satis,
1131 1544 1177 1610 in·
1197 1546 1270 1627 uit,-

174 1636 261 1704 mihi
289 1630 430 1701 videbar
451 1630 574 1695 habere
602 1631 771 1717 cognitum
798 1629 994 1700 Scaevolam
1016 1652 1058 1699 ox
1078 1631 1122 1697 iis
1147 1566 1264 1716 reiut,

175 1728 263 1813 quas
282 1719 458 1787 audiebam
482 1738 582 1807 saepe
605 1740 645 1785 ex
669 1716 710 1787 G.
727 1718 878 1801 Rutilio,
899 1741 966 1807 quo
985 1720 1163 1787 utebamur
1182 1742 1264 1808 pro·

174 1820 255 1902 pter
268 1806 532 1877 familiaritatem
548 1804 729 1877 Scaeuolae
741 1807 868 1891 nostri,
886 1808 999 1877 tamen
1011 1809 1080 1876 istu
1093 1809 1176 1877 milri
1186 1809 1265 1878 eius

183 2002 626 2067 'wmwfflwm'

185 2080 191 2091 ·
244 2082 273 2127 et
289 2075 345 2126 iam
362 2076 511 2135 consuler]
535 2072 624 2125 etiam
640 2071 699 2124 edd.
714 2078 778 2124 ente
794 2071 936 2127 Oreiiium.
970 2073 1078 2128 lituos
1095 2069 1124 2125 in
1141 2070 1169 2135 S.
1181 2074 1227 2124 06.

184 2150 192 2223 f
244 2143 305 2265 iti?
340 2144 377 2197 sit
393 2143 485 2206 nobis]
511 2143 570 2211 fuit
592 2141 673 2195 nobis
694 2134 857 2199 Schdtzius:
886 2144 965 2196 cuius
988 2143 1159 2197 coniecturae
1182 2144 1261 2197 obest

208 2226 246 2266 ato
290 2250 298 2266 .

184 2294 192 2345 '.
243 2276 406 2347 explanandi
442 2278 624 2340 edisserendi]
647 2279 694 2332 Sic
711 2280 802 2331 (lucii.
819 2289 848 2332 et
865 2282 907 2333 ed.
922 2286 964 2347 pr.
980 2279 1212 2348 eupluooodique
1229 2283 1262 2339 ei

183 2364 186 2369 ·
208 2351 374 2406 disserendi
389 2316 449 2402 add.
466 2352 559 2415 vuigg.
577 2350 706 2412 probante
722 2349 860 2417 Madvigio
876 2352 1027 2405 Emendate.
1046 2353 1069 2402 1.
1087 2362 1115 2417 p.
1127 2347 1171 2402 40.
1215 2344 1226 2354 ‘

183 2426 188 2433 '
243 2422 275 2475 0.
285 2421 329 2473 40.
343 2418 403 2473 atr.
429 2428 481 2486 quo
493 2420 649 2479 utebamur]
665 2420 769 2484 Recepi
780 2422 960 2473 coniecturam
973 2420 1120 2472 Gebhardti
1132 2420 1213 2471 oona
1229 2416 1261 2473 in

183 2495 186 2500 “
208 2484 266 2546 cto.
284 2494 395 2542 Brutum
411 2505 438 2555 p.
453 2489 479 2542 5.
512 2488 792 2557 Similiter'orefflus,
808 2504 864 2559 quo
880 2490 983 2543 ateius·
991 2493 1117 2557 propter
1129 2488 1260 2558 funalia·

206 2562 332 2616 ritatem
348 2558 503 2611 Scaeuolae
519 2559 624 2610 nostri.
659 2558 734 2610 Libri
749 2569 805 2628 quo
821 2560 974 2621 sciebatur.
1007 2560 1068 2612 Nou
1085 2560 1153 2613 tanti
1169 2568 1213 2612 est
1228 2566 1260 2613 ut

207 2631 323 2686 auorum
340 2629 509 2695 suspiciones
525 2640 721 2680 enumeremus.
1120 2673 1121 2676 ,

174 2805 238 2860 ficio
257 2816 361 2870 quoque
380 2802 438 2854 iure
455 2813 517 2852 euru
538 2801 693 2868 tradidisse,
736 2810 767 2856 ut
780 2803 895 2870 optime,
917 2801 981 2868 quid
995 2800 1064 2853 satis
1081 2807 1173 2868 esset,
1194 2801 1259 2865 quid

173 2887 231 2929 tum
253 2888 288 2926 eo
307 2873 380 2924 ducit
402 2871 549 2935 Augustini
571 2873 694 2924 testimo·
734 2875 854 2940 nimium,
868 2873 897 2924 in
911 2874 975 2925 uilis
987 2872 1163 2939 discerneret,
1176 2884 1259 2934 quarn

172 2948 248 2999 nium
265 2947 298 2994 de
315 2943 439 2994 civ.Dei
456 2942 507 3004 iv,
521 2942 565 2993 27.
599 2942 631 2992 ln
644 2943 695 2992 Di·
734 2944 794 3008 ipse
815 2943 927 2994 dicendo
945 2942 1066 2993 valebat.
1108 2943 1185 2992 liaeo
1203 2952 1258 2992 tu-

173 3016 260 3081 gestis
278 3011 428 3064 iustiniani
450 3011 601 3061 Scaevolae
624 3012 695 3062 liber
736 3021 791 3065 tenr
807 3015 867 3063 iere
877 3013 944 3062 nihii
960 3010 1013 3060 nisi
1025 3022 1156 3062 summam
1168 3017 1197 3060 et
1208 3022 1258 3061 ar-

173 3084 323 3148 singularis
355 3073 427 3149 tem
458 3079 588 3147 affertur,
622 3083 694 3131 unde
736 3081 965 3148 gumentalaudis
978 3087 1101 3146 argutae,
1119 3091 1199 3144 quatu
1208 3079 1257 3128 Gi-

173 3155 280 3207 (ieliius
289 3151 340 3215 IV,
348 3152 372 3200 1.
386 3154 475 3202 iocum
489 3148 632 3211 excerpsit.
650 3149 693 3201 ci.
735 3163 800 3204 cero
828 3154 863 3202 de
887 3150 977 3202 Mucio
1002 3149 1176 3200 concinnavit
1206 3149 1264 3205 (de

173 3224 319 3276 mimmern.
328 3222 351 3271 1.
366 3218 445 3281 §.w
471 3218 598 3269 Eiusdem
611 3233 693 3282 prae·
734 3223 813 3275 orat.
834 3223 864 3287 l,
878 3224 923 3272 39.
939 3221 975 3271 ut
988 3232 1040 3285 epo
1052 3221 1128 3269 soteo
1146 3217 1257 3283 dicere,

172 3302 252 3347 terea
265 3291 364 3342 mentio
376 3290 408 3342 iit
421 3291 497 3342 c.30.
509 3285 636 3342 toust
648 3289 693 3342 ⁵2.
733 3290 987 3356 iurisperitorum
998 3287 1256 3354 eloquentissimus,

173 3363 219 3416 56.
237 3364 282 3410 06.
498 3399 501 3405 .
733 3362 926 3427 eloquentium
943 3359 1021 3410 iuris
1034 3356 1257 3423 peritissimus),

181 3474 186 3483 .
224 3429 285 3482 146.
320 3441 404 3492 quare
429 3427 628 3488 sit-orator]
660 3427 693 3481 ln
735 3433 876 3482 declarare
891 3431 1026 3480 videntur.

170 3501 295 3552 omuibus
305 3499 405 3549 oiiiciis
413 3498 606 3566 iurisconsulti,
623 3510 693 3560 quoe
786 3529 818 3582 c·
829 3529 874 3582 40·
891 3527 952 3581 147⁸
978 3527 1008 3579 ο.
1022 3522 1138 3584 numm]
1156 3523 1254 3574 pau.

172 3571 279 3636 ΜΨ
296 3570 332 3620 ad
352 3567 599 3628 mmmmm
620 3567 692 3618 Μ’
733 3598 787 3652 tilii
800 3600 875 3664 elue,
892 3599 938 3664 quii
948 3597 1031 3650 Mucii
1043 3594 1213 3660 proconsulis
1226 3605 1254 3644 a.

171 3637 692 3772 ἔξέῃῗιίιῗιῗξᾞὲἓῑἕὲριὶἳὲἑῖἒιᾚῖ
734 3671 795 3722 600.
808 3670 916 3734 legatus
929 3670 1034 3735 luerat,
1052 3665 1149 3716 fratre.

170 3793 244 3834 nrum
263 3776 341 3841 quusi
354 3782 487 3825 oratorem
505 3777 603 3825 habere
625 3774 691 3831 (hoc
783 3771 935 3821 scaevolas
958 3768 1058 3826 nostri]
1089 3766 1122 3826 0.
1145 3761 1255 3813 Mucius

170 3840 234 3914 est,
250 3847 279 3897 in
293 3845 412 3895 docendo
425 3849 639 3907 praestantem)3
662 3851 691 3896 at
733 3842 868 3893 Scaevola
880 3843 911 3900 0.
925 3840 945 3888 f.
959 3852 985 3889 a.
999 3838 1062 3889 700.
1077 3835 1201 3885 tribunus
1215 3832 1254 3893 pi.

170 3919 247 3969 iniis
261 3917 397 3978 partious,
416 3925 486 3975 quac
504 3915 610 3975 proprie
628 3920 691 3962 sunt
734 3911 779 3972 qui
791 3911 815 3958 si
827 3912 1007 3967 tribunatum,
1021 3912 1052 3954 ut
1062 3913 1119 3955 tum
1131 3905 1190 3951 iere
1201 3901 1254 3949 fie-

169 3986 297 4053 oratoris‚
313 3987 342 4036 iu
354 3985 484 4046 augendo,
501 3985 630 4051 ornando,
643 3995 691 4031 re·
733 3981 788 4046 bot,
799 3989 896 4030 annuum
904 3989 987 4042 agens
995 3974 1161 4053 tricesimum
1169 3982 1254 4050 quur-

170 4057 289 4106 ieliendo
302 4054 389 4121 magis
400 4053 610 4102 existimatorem
623 4065 691 4114 age-
733 4056 789 4098 tun
813 4050 915 4114 gessit,
945 4046 1060 4095 triennio
1089 4053 1176 4091 maior
1200 4041 1253 4088 iiiut

170 4125 218 4177 but
240 4129 282 4184 (v.
296 4133 385 4176 annoto.
408 4124 436 4172 iu
454 4134 479 4170 c.
495 4121 545 4184 24,
558 4124 616 4179 92.)
639 4123 689 4170 iroc
732 4120 831 4184 Bruto,
853 4130 932 4181 quem
950 4126 976 4164 a.
993 4113 1055 4160 669.
1078 4118 1169 4161 nutum
1189 4120 1253 4159 esso

170 4203 232 4263 est,
255 4195 385 4248 aiiereitat
401 4205 462 4246 eum
474 4189 691 4259 intelligentium,
732 4196 848 4242 constat.
879 4179 1164 4243 v.(ieo11ardt.p.5.
