2676 4748
190 330 261 403 228
610 320 859 408 BRUTUS.

191 521 268 591 mus
289 519 325 589 in
345 516 440 585 exitu
455 518 511 586 rel
526 502 664 587 fortuna
677 522 733 590 voi
745 540 841 589 maus
855 519 943 589 inita
971 522 1032 611 qui
1046 524 1209 612 quamdin
1225 548 1291 597 au-

192 606 349 679 ctoritati
365 627 460 672 moue
474 608 614 696 paruit,
628 609 712 677 talis
727 610 887 676 tribunus
903 609 1014 699 piebis
1026 612 1111 694 fnit,
1132 622 1173 681 ut
1185 637 1290 686 nemo

192 706 312 766 contra
330 693 454 761 civium
475 693 684 782 perditorum
702 701 901 787 popularem
915 698 1212 790 turbulentamque
1224 692 1291 772 ds-

192 786 352 887 mentiam
366 804 387 848 a
399 787 518 887 senatu
532 788 569 848 et
580 803 602 848 a
615 784 778 850 bonorum
792 806 895 850 causa
903 787 1041 890 steterit
1052 792 1287 900 constantium

190 871 1288 1048 sitimtitiariistinatianam

189 1047 252 1117 tio.
293 1045 424 1114 Graves
447 1045 521 1110 eius
538 1045 715 1112 conciones
734 1047 865 1134 aliquot
883 1046 1037 1130 inerunt3
1066 1071 1161 1117 aoros
1181 1072 1286 1121 aneu-³

190 1135 341 1203 sationes
351 1139 425 1199 tras
439 1151 565 1236 eaepus
577 1152 692 1199 omnes
705 1155 746 1239 ex
759 1135 810 1201 rei
823 1133 980 1222 publicae
992 1138 1205 1241 contentione
1222 1162 1284 1208 sn-

189 1217 1168 1399 itii:atttriti:ttttiitiitttiidit:
1190 1242 1284 1384 it:

188 1419 266 1466 oum
282 1415 414 1465 summa
433 1394 607 1462 voluntate
630 1394 793 1463 bonorum
809 1395 930 1463 aedilis
951 1399 1080 1466 curulis
1097 1400 1210 1469 factus
1223 1424 1283 1470 ea·

259 1554 292 1608 c.
303 1555 350 1609 rs.
361 1553 424 1606 nra.
457 1548 519 1600 nm
535 1548 579 1612 tn]
603 1549 673 1607 iton
688 1554 732 1606 et
748 1562 791 1619 nr.
824 1550 858 1607 a·
871 1551 935 1607 em
950 1520 985 1607 a.

215 1681 219 1689 .
255 1624 379 1687 imaus]
404 1621 504 1693 poena
519 1621 563 1671 νᾶ·
578 1630 621 1683 rr·

187 1776 385 1848 Quintilianus,
407 1775 710 1843 obmnqnedistinxe·
751 1775 892 1840 omnium,
922 1768 972 1842 pati
994 1773 1118 1827 adrem
1134 1778 1280 1844 aptandam

86 1872 90 1877 ’
185 1859 240 1916 rat,
254 1863 324 1915 quac
338 1861 399 1900 cum
410 1851 504 1900 sordes
519 1847 710 1898 convictioni-
750 1849 862 1909 assaat,
877 1848 1118 1897 measatttoattaa
1124 1849 1279 1900 molestior

186 1920 263 1989 garis
277 1927 305 1970 et
318 1919 449 1969 tormuias
465 1917 611 1967 inusitatas
628 1915 709 1966 mini·
750 1918 805 1966 aut
816 1929 876 1965 aaa
888 1916 1107 1966 immoderatior
1114 1917 1280 1981 minanam

185 2002 231 2042 mc
243 1988 434 2051 repudiarent,
451 1987 574 2046 protecto
585 1984 645 2034 deri
658 1986 709 2033 da·
750 1983 891 2052 dentque,
908 1986 983 2049 qaod
995 1984 1143 2035 minantum
1156 1984 1212 2053 est,
1229 1987 1278 2039 tn.

184 2056 245 2109 buit
263 2063 295 2106 ut
308 2053 431 2119 plurimis
448 2053 477 2103 in
498 2053 621 2116 partibus
635 2052 708 2103 cae·
750 2053 881 2102 etaatior
900 2056 998 2119 pestus
1011 2046 1106 2123 fuisso
1125 2055 1277 2107 rideatur.

87 2112 93 2121 ’
183 2127 277 2179 uanae
299 2121 424 2174 dictionis
442 2123 517 2173 color
536 2121 660 2184 plebeias
680 2129 708 2172 et
748 2121 843 2184 itaque
858 2122 957 2174 leniter
970 2130 998 2172 et
1011 2121 1145 2174 sententia
1164 2133 1279 2177 contra-

184 2191 345 2258 antipuitate
365 2188 462 2255 pidnns
481 2191 634 2242 haberetur.
674 2190 708 2241 ld
749 2190 834 2242 ctiore
847 2191 943 2241 cicero
960 2191 1094 2256 significat
1110 2192 1278 2246 familiarem

184 2262 279 2328 colligi
297 2262 363 2312 licet
377 2260 499 2311 exilitas
511 2258 631 2310 inventis
645 2257 708 2322 qui·
749 2271 837 2323 suum,
850 2273 911 2310 cum
920 2261 1028 2309 civibus
1036 2260 1197 2319 perniciosis
1204 2276 1277 2324 pan-

182 2334 297 2386 busdam
313 2338 379 2395 sape
397 2324 562 2391 praeclaris:
592 2335 624 2378 nt
643 2340 706 2378 oum
747 2329 776 2379 id
787 2329 902 2380 calidius
920 2342 983 2379 sese
996 2328 1139 2395 obiiceret,
1162 2330 1276 2383 labores

182 2401 299 2455 Plotium
311 2402 434 2458 (sueton.
444 2400 478 2448 da
491 2399 559 2449 clar.
571 2399 650 2447 rbett.
664 2400 706 2457 2.)
747 2397 873 2448 forenses
893 2398 1024 2449 orationis
1042 2398 1129 2449 nitore
1143 2405 1173 2450 at
1189 2400 1276 2452 teati-

181 2468 330 2532 dascripsit
347 2467 536 2519 hordeartttm
546 2466 705 2531 rhetorem,
746 2468 833 2519 vitata
846 2468 1072 2526 commendasse]

180 2538 344 2605 impudicam
355 2536 494 2588 mulierem
510 2534 704 2600 (Qumavui,
798 2537 957 2596 conciones]
981 2535 1068 2587 Unam
1083 2535 1116 2585 de
1129 2535 1208 2598 aquis
1220 2548 1275 2591 no-

180 2612 217 2676 a,
234 2606 294 2669 53.)
323 2602 567 2672 quadrantariam
587 2605 705 2668 cintac-
746 2602 853 2670 vinus,
866 2604 895 2656 in
908 2616 962 2669 qua
975 2617 1023 2655 eos
1036 2605 1201 2671 castigavit,
1225 2607 1275 2670 qui

178 2678 349 2739 mnostrum,
365 2675 429 2727 item
443 2673 705 2740 iib.1,5‚61.)·Pa·
745 2671 835 2725 tontes
855 2681 884 2724 et
904 2675 1087 2737 aquaeductus
1104 2674 1230 2738 publicos
1242 2676 1273 2729 iu

177 2744 422 2809 masmunster,
439 2742 495 2807 vel,
512 2741 705 2807 qoodDionne-
745 2743 837 2795 bortos
853 2752 917 2792 snos
930 2742 1099 2795 derivabant.
1302 2750 1313 2773 ⁹

179 2818 229 2871 das
243 2813 378 2881 servavit,
393 2811 521 2864 oscitans
534 2808 708 2879 bietaatqttc'
755 2808 760 2821 '
797 2811 986 2863 accusationes
1005 2814 1077 2871 tres]
1107 2810 1182 2863 Reos
1201 2812 1271 2865 taeta

176 2883 284 2946 astae]
651 2896 655 2901 ·
745 2876 777 2930 c.
789 2879 949 2946 Antonium,
965 2878 1152 2945 Sempronium
1160 2882 1271 2935 sasti-

231 2953 333 3006 civium
345 2947 523 3017 perditarum]
540 2946 626 3001 Velut
638 2946 703 3002 010-
745 2954 808 2998 nuru
821 2957 849 2999 et
860 2951 892 3010 Q.
901 2949 1057 3011 Pompeium
1071 2949 1184 3002 linium.
1208 2951 1270 3003 aui

175 3020 224 3077 «ΠΙ,
343 3046 345 3051 -
702 3028 706 3039 ·
744 3016 776 3066 b.
791 3018 915 3069 Laelium
935 3018 1042 3086 dicunt,
1065 3029 1177 3080 quorum
1191 3019 1268 3072 Dra-

227 3084 530 3156 quamsibsaodonen]
544 3086 568 3136 1.
578 3085 701 3138 acutia
742 3092 858 3139 mannus
871 3086 1020 3148 opinionem
1034 3089 1176 3139 refutavit.

175 3172 246 3227 qnae
258 3159 356 3224 agebat
369 3164 397 3206 at
409 3154 638 3214 industriamcius
649 3169 700 3217 pu·
793 3167 828 3206 ex
847 3156 914 3218 reip.
934 3157 1116 3216 contentione]
1140 3154 1194 3208 Ubi
1213 3168 1266 3221 pro

174 3229 274 3281 blicam
295 3226 381 3277 oratio
400 3225 541 3288 splendida
562 3235 701 3285 commen·
741 3236 773 3277 re
785 3223 894 3288 publica
906 3226 1115 3275 contendendum
1131 3226 1201 3290 tuit,
1222 3226 1267 3276 sb·

174 3299 265 3351 dabat.
302 3295 369 3357 [scd
382 3299 523 3358 'repugnat
543 3293 591 3342 vel
605 3293 698 3355 'parti-
740 3299 794 3355 ve,
815 3292 843 3346 iu
859 3295 1051 3345 certaminibus
1069 3293 1136 3356 reip.
1150 3293 1268 3359 gravis·

174 3367 239 3418 cula
255 3365 367 3428 tamen,
391 3373 461 3428 quae
480 3362 637 3413 excusantis·
654 3366 698 3412 e'st
741 3361 834 3429 simis,
859 3363 957 3427 quibus
977 3362 1026 3412 iile
1045 3363 1201 3414 detenderet
1215 3370 1267 3414 s'e-

172 3437 203 3487 et
217 3432 364 3489 mollientia
378 3432 495 3495 aliquam
508 3431 697 3494 reprehensio·
738 3440 824 3483 natus.
837 3431 1041 3483 auctoritatam!
1071 3431 1105 3482 ob
1121 3443 1183 3484 cam
1200 3426 1267 3487 r'en

171 3515 243 3557 nem.
272 3502 346 3553 vide
358 3502 436 3552 modo
453 3511 478 3550 c.
492 3500 544 3565 ce,
562 3498 623 3551 242.
646 3500 697 3567 qai
738 3502 865 3556 laudatus
876 3501 971 3552 Milon.
986 3502 1030 3552 3³.
1043 3507 1111 3550 extr.

170 3574 250 3627 auito
264 3568 394 3623 acumine
407 3580 469 3622 eam
482 3569 579 3622 tomen
591 3570 696 3621 nerbo-
788 3582 857 3634 qnae
868 3570 938 3629 dixi]
956 3571 1093 3621 bondnrat
1104 3567 1266 3623 accusatio·

61 3646 64 3653 ’
170 3639 427 3705 rumcoptamatc.
447 3637 695 3704 intelligamuspo-
736 3649 796 3688 uas.
829 3636 891 3689 diuo
904 3646 1009 3700 spectat
1021 3638 1108 3702 ipsius
1120 3645 1201 3689 acaia
1214 3640 1265 3690 di·

169 3712 226 3765 tius
246 3710 386 3764 actionem·
399 3707 515 3759 oratoris
531 3708 639 3771 proprie
651 3708 693 3758 di·
736 3716 825 3758 ctum:
848 3707 961 3768 Quintil.
975 3708 1038 3776 vl,
1055 3709 1088 3774 8,
1105 3708 1151 3758 69.
1179 3708 1264 3761 Im

156 3789 260 3847 potam,
282 3775 504 3849 quamlcaeltns,
527 3777 625 3843 quippe
640 3785 693 3827 ve·
732 3789 790 3842 par
803 3776 974 3842 oltepora'om
985 3777 1027 3828 Μ.
1038 3776 1180 3843 coalitam,
1196 3788 1263 3830 me·

169 3846 387 3903 dementissimus
405 3840 527 3912 ingenio,
551 3845 645 3897 debuit
661 3845 691 3897 tn
733 3845 1262 3915 amobitcieatemcra'minapaamde·

168 3916 386 3973 accusationibus
407 3915 537 3977 effingere
558 3916 691 3966 turbidam
734 3916 909 3984 tendentem,
921 3916 1186 3980 Bonamdeatram,
1194 3918 1262 3969 ma*

167 3986 411 4040 etcouteutiosam.
446 3984 516 4045 Quid
538 3987 608 4047 quod
628 3985 690 4049 ipso
732 3984 954 4039 tomatatstrom
965 3984 1201 4047 bobereds'cedat.
1242 4008 1257 4019 ··

165 4066 265 4111 motam
278 4064 306 4107 at
319 4055 438 4106 babitnm
455 4065 550 4116 parum
567 4055 690 4106 sedatam
784 4055 883 4107 aeditis
902 4053 1021 4114 curulis]
1040 4055 1155 4106 mediiis
1172 4066 1259 4107 coru·

166 4133 280 4177 excusat
301 4118 370 4187 apud
386 4120 497 4185 Quintil.
511 4124 570 4191 xi,
592 4125 626 4187 1,
644 4122 688 4173 bt.
730 4122 768 4174 lis
780 4125 840 4174 arat
851 4122 1008 4187 dampnatos
1020 4134 1046 4173 a.
1057 4123 1121 4176 703.
1138 4134 1191 4187 qno
1203 4135 1259 4177 au-

164 4194 212 4250 lt'e'
242 4193 290 4247 cat
317 4195 449 4259 naamam
478 4195 567 4260 atrae
595 4192 684 4248 amam
730 4186 998 4259 nonommnion
1009 4190 1258 4247 (iiiioiaaadmiat-
