2676 4748
596 305 730 397 Capd.
775 328 778 333 ·
1160 308 1206 378 12
1246 307 1249 316 “
1286 363 1288 368 .

117 517 207 586 quae
228 492 285 563 mc'
303 493 447 582 angebat
468 491 511 561 de
525 499 568 569 ‘rc
583 493 738 582 publico,
762 506 846 562 cnra
858 489 1061 563 consederit.
1102 493 1204 584 Qtnor
1308 543 1310 548 ι

117 591 300 740 postqpam
321 581 484 663 salutavi,
513 580 607 670 Quid
620 605 700 664 vos,
727 582 883 670 inquam,
902 580 1201 669 BruteetAttice,

117 694 208 739 nunc
266 671 349 759 quid
373 669 509 736 tandem
534 662 637 737 nevil
684 668 783 738 Nihil
801 690 900 751 sane,
929 670 1041 756 inquit
1056 669 1209 756 Brutus,

117 758 214 849 qnod
235 759 371 846 quidem
386 764 446 824 aut
462 763 502 824 tu
517 755 634 823 audire
649 758 734 825 velis
749 762 809 823 aut
819 779 881 842 ego
899 777 962 844 pro
977 763 1071 824 certo
1086 756 1208 827 dicero

107 845 274 926 audeam.
316 851 370 914 ll.
392 844 482 911 Tum
496 844 656 925 Atticus,
675 844 745 925 Eo,
766 845 893 931 inquit,
915 844 957 910 ad
973 851 1006 909 tc
1022 847 1130 913 animo
1144 870 1201 915 ve·

119 936 252 1014 nimus,
271 938 312 998 ut
332 932 373 999 dc
392 954 430 998 re
449 931 585 1020 publica
599 941 689 998 esset
702 932 890 1011 silentium,
911 940 946 997 et
960 933 1089 1020 aliquid
1103 933 1201 1002 audi·

118 1043 235 1089 minus
249 1021 362 1110 potius
376 1041 417 1086 ex
429 1025 464 1085 te
479 1041 577 1121 quam
594 1025 628 1085 te
641 1011 849 1085 afficeremus
858 1005 928 1085 ulla
937 1018 1104 1089 molestia.
1124 1008 1201 1091 Vos

119 1116 218 1190 vero,
236 1110 371 1196 inquam
380 1152 391 1188 ,
413 1107 551 1187 Attice,
571 1111 608 1172 et
620 1114 829 1210 praesentem
843 1129 895 1172 me
908 1128 989 1173 eura
1002 1108 1143 1191 levatis,
1163 1117 1200 1178 et

121 1196 257 1264 absenti
278 1217 397 1280 magna
415 1194 538 1260 solatia
557 1192 711 1262 dedistis.
752 1215 829 1259 nam
844 1194 967 1260 vestris
982 1195 1128 1284 primum
1140 1198 1204 1264 lit-2

119 1284 392 1379 terie,recrcatds
406 1292 458 1347 vne
472 1272 515 1346 ad
528 1281 675 1368 pristina
687 1273 802 1347 studia
818 1283 982 1349 revocavi.
1024 1276 1115 1349 'l'um
1125 1284 1201 1364 ille,

120 1364 226 1458 Legi,
245 1371 374 1457 inquit,
393 1366 610 1459 perlubenter
628 1368 824 1456 epistolam,
851 1390 951 1457 quam
967 1367 1010 1436 ad
1024 1378 1058 1437 te
1069 1369 1200 1440 Brutus

122 1461 218 1528 misit
229 1480 270 1524 ex
287 1459 397 1537 Asia,
418 1478 486 1545 qua
498 1455 582 1522 mihi
596 1456 687 1524 visus
702 1462 806 1523 estet
819 1476 954 1524 monere
967 1464 1002 1524 te
1016 1457 1201 1548 prudenter

122 1546 342 1614 etconsolari
360 1543 575 1611 amicissime.
617 1545 674 1613 12.
702 1542 826 1625 Recte,
846 1545 1001 1633 inquam,
1023 1554 1079 1612 est
1093 1548 1200 1620 visus.

121 1633 213 1703 Natu
232 1656 285 1701 rue
305 1639 382 1711 nette
402 1637 490 1698 ecrto
509 1632 638 1698 htterrs
650 1652 692 1697 ex
706 1629 867 1698 diuturna
880 1632 1134 1720 perturbatione
1147 1642 1201 1702 toa

122 1723 193 1790 tius
221 1718 425 1788 valetudinis
447 1727 619 1807 tamquam
633 1716 676 1783 ad
694 1712 919 1808 aspiciendam
932 1716 1042 1787 lucem
1058 1741 1134 1788 esse
1146 1745 1201 1791 re·

121 1814 287 1877 vocatum.
332 1807 451 1894 Atque
469 1815 508 1872 ut
528 1815 607 1892 post
628 1803 836 1877 catanensem
859 1806 954 1874 illam
974 1808 1201 1888 calamitatem
1271 1879 1273 1883 ,

120 1897 269 1987 primum
286 1894 445 1962 Marcelli
463 1893 508 1959 ad
528 1892 653 1962 Nolam
667 1895 803 1985 proelio⁸
816 1896 962 1984 populus
977 1917 1014 1961 se
1027 1896 1201 1965 Romanus

121 1986 247 2067 erexit,
267 1989 453 2072 posteaqua
467 1999 649 2070 prosperae
663 2003 718 2048 ree
732 1980 888 2071 deinceps
901 1983 1028 2049 multae
1042 1998 1202 2053 transcend
1262 2016 1265 2019 ·

121 2078 284 2139 taesum:
306 2071 356 2136 sic
370 2077 573 2155 postrorum
586 2074 777 2144 nostrarum
792 2083 825 2135 et
835 2070 1057 2136 communium
1072 2075 1202 2160 gravis*

122 2161 227 2227 simos
242 2180 341 2225 casus
357 2157 442 2223 nihil
456 2163 534 2222 ante
547 2157 725 2245 epistolam
737 2156 840 2223 Bruti
854 2159 935 2224 mihi
949 2159 1089 2242 accidit,
1109 2161 1203 2249 quod

122 2248 244 2315 vellem
275 2252 334 2311 aut
360 2241 451 2329 quod
473 2245 584 2331 aliqua
604 2259 644 2311 ex
666 2252 765 2332 parte
785 2245 1018 2313 solicitudines
1039 2249 1203 2318 allevaret

123 2351 230 2404 meas.
272 2331 326 2401 13.
348 2328 437 2398 Tum
453 2329 600 2408 Brutus,
619 2329 725 2398 Volui
745 2331 782 2398 id
797 2333 932 2424 quidem
949 2333 1082 2402 efficere
1098 2344 1203 2420 certe,
1308 2331 1310 2335 ’

123 2431 159 2490 θῒ
175 2420 274 2508 ⁰³lll⁰
290 2440 440 2503 magnum
453 2419 620 2499 fructum,
639 2419 670 2485 si
683 2416 818 2506 quidem
838 2418 929 2508 quod
946 2422 1038 2488 volui
1052 2430 1148 2490 tanta
1165 2424 1204 2492 in
1291 2428 1294 2433 ’

120 2506 163 2576 rd
176 2511 376 2574 consecutus
395 2528 480 2574 sum.
518 2505 592 2573 eea
606 2507 698 2572 scire·
706 2507 820 2594 cupio,
842 2529 927 2594 qnae
940 2516 975 2574 te
986 2509 1100 2575 Attici
1110 2510 1207 2577 littc-
1304 2526 1312 2543 ·

120 2616 185 2664 rae
200 2591 446 2662 delectaverint.
489 2592 584 2663 Istae
596 2615 694 2674 vero,
715 2595 862 2682 inquam,
883 2593 1001 2677 Brute,
1023 2616 1089 2662 nou
1104 2597 1204 2666 medo
1309 2606 1312 2613 “

122 2682 380 2751 delectationem
400 2680 500 2763 mihi,
527 2680 730 2764 sedetiam,
755 2689 823 2748 ute
848 2703 926 2765 ero,
952 2687 1097 2751 salutem
1112 2691 1205 2752 aton-

73 2768 77 2783 *
120 2770 250 2839 lerunt.
293 2759 470 2836 Salutem?
497 2763 608 2856 inquit
628 2769 700 2838 ille.
750 2697 917 2857 quodnam
940 2770 1075 2838 tandem
1097 2793 1204 2857 genus

121 2859 212 2926 istuc
233 2864 302 2923 tam
320 2858 534 2945 praeclarum
550 2857 743 2923 litterarum
766 2851 854 2924 fuit?
898 2857 957 2925 An
978 2859 1059 2925 mihi
1077 2860 1203 2948 potuit,

121 2947 278 3035 inquam,
296 2962 372 3012 esee
385 2950 446 3011 aut
459 2944 591 3031 gratior
603 2946 675 3012 ulla
687 2945 849 3013 salutatio
863 2951 924 3013 aut
936 2944 1055 3014 adduc
1069 2954 1203 3038 tempus

99 3188 104 3197 .
164 3186 167 3191 Α
184 3113 356 3191 ⁸consederit]
372 3110 537 3191 eomiderit
549 3112 711 3176 (iamtonius
723 3121 752 3175 in
765 3111 857 3174 iicon
875 3135 903 3187 p.
913 3116 975 3177 432.
1008 3117 1062 3176 ‘Sed
1076 3092 1112 3176 ct.
1127 3096 1206 3196 cet,

75 3252 78 3261 “
152 3190 655 3324 93i1p2petrzlplbeppprplpprmemr
668 3261 711 3311 edo
724 3272 767 3325 pr.
779 3259 860 3313 etsie
874 3257 980 3325 ubique.

171 3415 218 3466 11.
252 3411 357 3463 vestris
375 3425 417 3476 pr.
437 3413 553 3474 litteris]
576 3413 644 3467 Gom
685 3403 794 3467 Cannas
808 3413 1037 3481 committebatur,
1061 3403 1096 3466 nd
1109 3405 1206 3470 nolon

121 3481 244 3550 epistola·
258 3481 351 3550 Bruti,
375 3494 456 3546 quam
473 3478 509 3534 e'x
520 3484 591 3544 Asia
609 3486 644 3536 ad
684 3486 816 3547 proelium
829 3486 979 3535 insecutum
991 3495 1042 3550 est5
1057 3496 1109 3548 quo
1122 3485 1207 3537 claua

121 3554 212 3618 ipsum
231 3552 354 3616 maerin,
378 3559 434 3602 tum
451 3551 520 3602 libro
532 3553 643 3620 Annali,
685 3554 746 3603 dius
764 3555 912 3604 Marcellus
930 3554 1007 3604 felici
1026 3559 1126 3604 eventu
1138 3567 1206 3605 eon*

121 3634 200 3688 quem
213 3621 322 3671 Atticus
336 3619 387 3669 eibi
399 3621 578 3689 inscripserit,
596 3621 644 3672 Gi·
685 3622 754 3672 flixit
773 3635 835 3673 cnm
853 3623 1014 3674 Hannibale.
1048 3624 1129 3672 Extat
1145 3625 1207 3687 epi*

121 3702 185 3743 cero
198 3703 231 3740 rc
245 3697 398 3741 recreatum
404 3687 478 3740 dicit.
501 3691 581 3742 lllam
592 3703 644 3742 ena
685 3703 807 3754 gramme
826 3692 855 3742 in
871 3695 908 3741 M.
928 3691 1088 3742 Marcellum
1106 3691 1136 3741 in
1147 3693 1206 3742 An-

121 3758 350 3824 onocrocolon,
370 3770 439 3822 quac
450 3757 549 3811 lterum
566 3773 590 3810 c.
599 3762 643 3810 96.
685 3761 804 3823 thologie
817 3761 916 3813 Latina
933 3762 964 3811 T.
979 3761 1001 3810 1.
1018 3773 1044 3823 p.
1058 3761 1117 3810 236.
1185 3800 1191 3808 .

122 3837 362 3895 commemoratur,
392 3828 490 3878 Brutus
514 3841 549 3878 ex
575 3830 645 3881 Asia
740 3829 923 3892 [postrorum
942 3835 1096 3880 namtarum
1109 3844 1143 3865 -
1156 3826 1221 3878 cai
1283 3826 1287 3833 '

121 3898 203 3966 nicia
224 3909 287 3948 cnm
300 3894 584 3981 GaesarpminAaiem
599 3909 645 3948 se·
687 3900 749 3957 sus]
772 3900 898 3950 Breviter
915 3899 943 3949 in
961 3898 1073 3950 eandem
1096 3904 1207 3947 senteu-

122 3975 201 4018 cutus
212 3973 291 4017 esset
308 3966 404 4020 e.707.
416 3963 502 4025 (42)-
522 3965 646 4017 V.clin-
687 3967 753 4017 tiam
770 3970 805 4019 ad
823 3969 900 4019 Fam.
918 3963 1143 4034 lV‚14.ntrc's'n
1154 3976 1206 4021 rc·

122 4036 175 4089 toni
187 4036 267 4087 Fert
276 4034 383 4085 Hellen.
396 4036 431 4085 ad
445 4046 471 4084 a.
480 4032 557 4086 loa.
566 4034 628 4087 cnr.
686 4036 752 4086 dita
765 4050 827 4088 meo
842 4036 932 4102 niodo
946 4035 1079 4088 melioret
1090 4047 1140 4085 ree
1152 4031 1209 4086 dd-

170 4107 224 4172 ¹²⁸.
252 4111 314 4167 post
332 4102 514 4163 cannensem]
543 4106 645 4156 Eodem
686 4107 820 4158 meoticas
839 4119 925 4171 qaam
942 4104 1144 4170 rempublicam
1158 4106 1209 4172 ‘os-

122 4176 190 4227 tano
212 4172 276 4228 638.
296 4174 404 4241 tato),
430 4184 484 4239 (pro
501 4185 592 4239 pugna
610 4176 645 4230 ad
688 4176 867 4242 semoveas]
982 4227 1006 4307 ἢ
