<?xml version="1.0" encoding="UTF-8"?>
<!DOCTYPE html PUBLIC "-//W3C//DTD XHTML 1.0 Transitional//EN"
    "http://www.w3.org/TR/xhtml1/DTD/xhtml1-transitional.dtd">
<html xmlns="http://www.w3.org/1999/xhtml" xml:lang="en" lang="en">
 <head>
  <title>
</title>
<meta http-equiv="Content-Type" content="text/html;charset=utf-8" />
  <meta name='ocr-system' content='tesseract 3.04.00' />
  <meta name='ocr-capabilities' content='ocr_page ocr_carea ocr_par ocr_line ocrx_word'/>
</head>
<body>
  <div class='ocr_page' id='page_1' title='image "./mtulliiciceroni00meyegoog_0055.png"; bbox 0 0 2676 4748; ppageno 0'>
   <div class='ocr_carea' id='block_1_1' title="bbox 185 264 862 391">
    <p class='ocr_par' dir='ltr' id='par_1_1' title="bbox 185 264 862 391">
     <span class='ocr_line' id='line_1_1' title="bbox 185 264 862 391; baseline 0.003 -3"><span class='ocrx_word' id='word_1_1' title='bbox 185 316 231 388; x_wconf 86' lang='lat' dir='ltr'><strong>ao</strong></span> <span class='ocrx_word' id='word_1_2' title='bbox 335 264 337 269; x_wconf 31' lang='lat'><strong><em>¹</em></strong></span> <span class='ocrx_word' id='word_1_3' title='bbox 612 313 862 391; x_wconf 75' lang='lat' dir='ltr'><strong>neurus,</strong></span> 
     </span>
    </p>
   </div>
   <div class='ocr_carea' id='block_1_2' title="bbox 111 500 1275 1736">
    <p class='ocr_par' dir='ltr' id='par_1_2' title="bbox 111 500 1275 1475">
     <span class='ocr_line' id='line_1_2' title="bbox 183 500 1274 600; baseline 0.005 -27"><span class='ocrx_word' id='word_1_4' title='bbox 183 513 261 574; x_wconf 82' lang='lat' dir='ltr'><strong>tur:</strong></span> <span class='ocrx_word' id='word_1_5' title='bbox 278 505 316 572; x_wconf 92' lang='lat' dir='ltr'><strong>ln</strong></span> <span class='ocrx_word' id='word_1_6' title='bbox 328 514 473 594; x_wconf 83' lang='lat' dir='ltr'><strong>qnonon</strong></span> <span class='ocrx_word' id='word_1_7' title='bbox 485 503 584 572; x_wconf 88' lang='lat' dir='ltr'><strong>modo</strong></span> <span class='ocrx_word' id='word_1_8' title='bbox 600 504 710 590; x_wconf 80' lang='lat' dir='ltr'><strong>defici,</strong></span> <span class='ocrx_word' id='word_1_9' title='bbox 730 507 793 574; x_wconf 82' lang='lat' dir='ltr'><strong>&#39;sed</strong></span> <span class='ocrx_word' id='word_1_10' title='bbox 804 500 1077 576; x_wconf 85' lang='lat' dir='ltr'><strong>etiamlahorare</strong></span> <span class='ocrx_word' id='word_1_11' title='bbox 1090 500 1274 600; x_wconf 73' lang='lat' dir='ltr'><strong>tnrpeestt</strong></span> 
     </span>
     <span class='ocr_line' id='line_1_3' title="bbox 181 593 1274 685; baseline 0.005 -25"><span class='ocrx_word' id='word_1_12' title='bbox 181 594 251 676; x_wconf 61' lang='lat' dir='ltr'><strong>IX.</strong></span> <span class='ocrx_word' id='word_1_13' title='bbox 272 597 329 664; x_wconf 80' lang='lat'><strong>35.</strong></span> <span class='ocrx_word' id='word_1_14' title='bbox 350 593 440 660; x_wconf 85' lang='lat' dir='ltr'><strong>Tum</strong></span> <span class='ocrx_word' id='word_1_15' title='bbox 458 593 527 659; x_wconf 84' lang='lat' dir='ltr'><strong>fuit</strong></span> <span class='ocrx_word' id='word_1_16' title='bbox 546 593 690 682; x_wconf 79' lang='lat' dir='ltr'><strong>Lysias,</strong></span> <span class='ocrx_word' id='word_1_17' title='bbox 710 597 786 683; x_wconf 88' lang='lat' dir='ltr'><strong>ipse</strong></span> <span class='ocrx_word' id='word_1_18' title='bbox 799 597 935 685; x_wconf 85' lang='lat' dir='ltr'><strong>quidem</strong></span> <span class='ocrx_word' id='word_1_19' title='bbox 948 598 985 664; x_wconf 89' lang='lat' dir='ltr'><strong>in</strong></span> <span class='ocrx_word' id='word_1_20' title='bbox 999 598 1110 666; x_wconf 81' lang='lat' dir='ltr'><strong>causis</strong></span> <span class='ocrx_word' id='word_1_21' title='bbox 1128 601 1274 666; x_wconf 85' lang='lat' dir='ltr'><strong>forensi·</strong></span> 
     </span>
     <span class='ocr_line' id='line_1_4' title="bbox 182 682 1274 774; baseline 0.005 -27"><span class='ocrx_word' id='word_1_22' title='bbox 182 682 249 765; x_wconf 79' lang='lat' dir='ltr'><strong>hus</strong></span> <span class='ocrx_word' id='word_1_23' title='bbox 268 704 334 748; x_wconf 91' lang='lat' dir='ltr'><strong>non</strong></span> <span class='ocrx_word' id='word_1_24' title='bbox 355 689 528 762; x_wconf 87' lang='lat' dir='ltr'><strong>versatus,</strong></span> <span class='ocrx_word' id='word_1_25' title='bbox 551 683 612 748; x_wconf 88' lang='lat' dir='ltr'><strong>sed</strong></span> <span class='ocrx_word' id='word_1_26' title='bbox 626 688 760 770; x_wconf 80' lang='lat' dir='ltr'>egregie</span> <span class='ocrx_word' id='word_1_27' title='bbox 774 687 910 751; x_wconf 86' lang='lat' dir='ltr'><strong>subtilis</strong></span> <span class='ocrx_word' id='word_1_28' title='bbox 926 687 1075 773; x_wconf 77' lang='lat' dir='ltr'><strong>scriptor</strong></span> <span class='ocrx_word' id='word_1_29' title='bbox 1088 693 1191 774; x_wconf 85' lang='lat' dir='ltr'><strong>atquc</strong></span> <span class='ocrx_word' id='word_1_30' title='bbox 1204 690 1274 753; x_wconf 87' lang='lat' dir='ltr'><strong>ele·</strong></span> 
     </span>
     <span class='ocr_line' id='line_1_5' title="bbox 183 769 1274 875; baseline 0.007 -41"><span class='ocrx_word' id='word_1_31' title='bbox 183 792 284 855; x_wconf 78' lang='lat' dir='ltr'><strong>gans,</strong></span> <span class='ocrx_word' id='word_1_32' title='bbox 307 791 404 857; x_wconf 90' lang='lat' dir='ltr'><strong>quem</strong></span> <span class='ocrx_word' id='word_1_33' title='bbox 420 769 486 875; x_wconf 70' lang='lat' dir='ltr'><strong>iapn</strong></span> <span class='ocrx_word' id='word_1_34' title='bbox 502 784 609 858; x_wconf 91' lang='lat' dir='ltr'><strong>prope</strong></span> <span class='ocrx_word' id='word_1_35' title='bbox 623 771 748 838; x_wconf 87' lang='lat' dir='ltr'><strong>audeas</strong></span> <span class='ocrx_word' id='word_1_36' title='bbox 763 780 930 839; x_wconf 87' lang='lat' dir='ltr'><strong>oratorem</strong></span> <span class='ocrx_word' id='word_1_37' title='bbox 946 775 1131 862; x_wconf 81' lang='lat' dir='ltr'><strong>perlectum</strong></span> <span class='ocrx_word' id='word_1_38' title='bbox 1148 775 1274 843; x_wconf 88' lang='lat' dir='ltr'><strong>dicere.</strong></span> 
     </span>
     <span class='ocr_line' id='line_1_6' title="bbox 111 855 1275 1036; baseline 0.003 -24"><span class='ocrx_word' id='word_1_39' title='bbox 111 946 113 950; x_wconf 41' lang='lat'><strong><em>‘</em></strong></span> <span class='ocrx_word' id='word_1_40' title='bbox 181 855 740 1014; x_wconf 69' lang='lat' dir='ltr'><strong>diiiiiii&#39;idiiiii&#39;*</strong></span> <span class='ocrx_word' id='word_1_41' title='bbox 755 863 974 1015; x_wconf 66' lang='lat' dir='ltr'><strong>diluit</strong></span> <span class='ocrx_word' id='word_1_42' title='bbox 989 861 1275 1036; x_wconf 54' lang='lat' dir='ltr'><strong>iuditii</strong></span> 
     </span>
     <span class='ocr_line' id='line_1_7' title="bbox 181 1033 1274 1121; baseline 0.005 -22"><span class='ocrx_word' id='word_1_43' title='bbox 181 1034 219 1099; x_wconf 88' lang='lat' dir='ltr'><strong>iu</strong></span> <span class='ocrx_word' id='word_1_44' title='bbox 239 1033 295 1099; x_wconf 86' lang='lat' dir='ltr'><strong>cis&#39;</strong></span> <span class='ocrx_word' id='word_1_45' title='bbox 309 1033 440 1113; x_wconf 86' lang='lat' dir='ltr'><strong>causis,</strong></span> <span class='ocrx_word' id='word_1_46' title='bbox 469 1054 555 1120; x_wconf 84' lang='lat' dir='ltr'><strong>quas</strong></span> <span class='ocrx_word' id='word_1_47' title='bbox 579 1035 734 1121; x_wconf 77' lang='lat' dir='ltr'><strong>scripsit,</strong></span> <span class='ocrx_word' id='word_1_48' title='bbox 764 1035 849 1102; x_wconf 90' lang='lat' dir='ltr'><strong>nihil</strong></span> <span class='ocrx_word' id='word_1_49' title='bbox 868 1046 907 1103; x_wconf 90' lang='lat' dir='ltr'><strong>nt</strong></span> <span class='ocrx_word' id='word_1_50' title='bbox 925 1036 975 1101; x_wconf 85' lang='lat' dir='ltr'><strong>ita</strong></span> <span class='ocrx_word' id='word_1_51' title='bbox 996 1036 1103 1103; x_wconf 88' lang='lat' dir='ltr'><strong>dicam</strong></span> <span class='ocrx_word' id='word_1_52' title='bbox 1118 1036 1274 1119; x_wconf 85' lang='lat' dir='ltr'><strong>subdole,</strong></span> 
     </span>
     <span class='ocr_line' id='line_1_8' title="bbox 139 1118 1273 1207; baseline 0.004 -21"><span class='ocrx_word' id='word_1_53' title='bbox 139 1156 142 1163; x_wconf 37' lang='grc' dir='ltr'><em>ν</em></span> <span class='ocrx_word' id='word_1_54' title='bbox 181 1121 269 1186; x_wconf 89' lang='lat' dir='ltr'><strong>nihil</strong></span> <span class='ocrx_word' id='word_1_55' title='bbox 289 1127 443 1199; x_wconf 78' lang='lat' dir='ltr'><strong>versute,</strong></span> <span class='ocrx_word' id='word_1_56' title='bbox 472 1118 562 1205; x_wconf 87' lang='lat' dir='ltr'><strong>quod</strong></span> <span class='ocrx_word' id='word_1_57' title='bbox 583 1122 642 1186; x_wconf 86' lang='lat' dir='ltr'><strong>ifle</strong></span> <span class='ocrx_word' id='word_1_58' title='bbox 655 1144 719 1188; x_wconf 95' lang='lat' dir='ltr'><strong>non</strong></span> <span class='ocrx_word' id='word_1_59' title='bbox 734 1121 876 1204; x_wconf 83' lang='lat' dir='ltr'><strong>viderit3</strong></span> <span class='ocrx_word' id='word_1_60' title='bbox 905 1124 990 1190; x_wconf 87' lang='lat' dir='ltr'><strong>nihil</strong></span> <span class='ocrx_word' id='word_1_61' title='bbox 1005 1126 1178 1192; x_wconf 77' lang='lat' dir='ltr'><strong>subtiliter</strong></span> <span class='ocrx_word' id='word_1_62' title='bbox 1192 1124 1273 1207; x_wconf 89' lang='lat' dir='ltr'><strong>dici,</strong></span> 
     </span>
     <span class='ocr_line' id='line_1_9' title="bbox 182 1207 1273 1300; baseline 0.005 -26"><span class='ocrx_word' id='word_1_63' title='bbox 182 1207 268 1274; x_wconf 89' lang='lat' dir='ltr'><strong>nihil</strong></span> <span class='ocrx_word' id='word_1_64' title='bbox 286 1229 422 1297; x_wconf 86' lang='lat' dir='ltr'><strong>presse,</strong></span> <span class='ocrx_word' id='word_1_65' title='bbox 439 1208 534 1271; x_wconf 79' lang='lat' dir='ltr'><strong>‘nihil</strong></span> <span class='ocrx_word' id='word_1_66' title='bbox 554 1209 747 1289; x_wconf 89' lang='lat' dir='ltr'><strong>enucleate,</strong></span> <span class='ocrx_word' id='word_1_67' title='bbox 777 1231 844 1297; x_wconf 90' lang='lat' dir='ltr'><strong>quo</strong></span> <span class='ocrx_word' id='word_1_68' title='bbox 860 1211 935 1277; x_wconf 85' lang='lat' dir='ltr'><strong>fieri</strong></span> <span class='ocrx_word' id='word_1_69' title='bbox 955 1215 1066 1300; x_wconf 85' lang='lat' dir='ltr'><strong>possit</strong></span> <span class='ocrx_word' id='word_1_70' title='bbox 1084 1208 1217 1299; x_wconf 89' lang='lat' dir='ltr'><strong>aliquid</strong></span> <span class='ocrx_word' id='word_1_71' title='bbox 1227 1213 1273 1278; x_wconf 89' lang='lat' dir='ltr'><strong>li-</strong></span> 
     </span>
     <span class='ocr_line' id='line_1_10' title="bbox 180 1295 1273 1382; baseline 0.005 -21"><span class='ocrx_word' id='word_1_72' title='bbox 180 1296 323 1375; x_wconf 85' lang='lat' dir='ltr'><strong>matius3</strong></span> <span class='ocrx_word' id='word_1_73' title='bbox 350 1295 436 1361; x_wconf 87' lang='lat' dir='ltr'><strong>nihil</strong></span> <span class='ocrx_word' id='word_1_74' title='bbox 448 1299 565 1359; x_wconf 89' lang='lat' dir='ltr'><strong>contra</strong></span> <span class='ocrx_word' id='word_1_75' title='bbox 580 1295 829 1381; x_wconf 56' lang='lat' dir='ltr'><strong>grandenihd</strong></span> <span class='ocrx_word' id='word_1_76' title='bbox 846 1298 1042 1382; x_wconf 86' lang='lat' dir='ltr'><strong>incitatam,</strong></span> <span class='ocrx_word' id='word_1_77' title='bbox 1071 1300 1158 1365; x_wconf 90' lang='lat' dir='ltr'><strong>nihil</strong></span> <span class='ocrx_word' id='word_1_78' title='bbox 1171 1322 1273 1369; x_wconf 87' lang='lat' dir='ltr'><strong>orna-</strong></span> 
     </span>
     <span class='ocr_line' id='line_1_11' title="bbox 179 1381 1272 1475; baseline 0.005 -25"><span class='ocrx_word' id='word_1_79' title='bbox 179 1391 254 1450; x_wconf 88' lang='lat' dir='ltr'><strong>tum</strong></span> <span class='ocrx_word' id='word_1_80' title='bbox 271 1384 324 1449; x_wconf 83' lang='lat' dir='ltr'><strong>vel</strong></span> <span class='ocrx_word' id='word_1_81' title='bbox 337 1381 514 1448; x_wconf 82' lang='lat' dir='ltr'><strong>rcrhorum</strong></span> <span class='ocrx_word' id='word_1_82' title='bbox 529 1386 695 1466; x_wconf 83' lang='lat' dir='ltr'><strong>gravitate</strong></span> <span class='ocrx_word' id='word_1_83' title='bbox 712 1385 767 1449; x_wconf 86' lang='lat' dir='ltr'><strong>vel</strong></span> <span class='ocrx_word' id='word_1_84' title='bbox 790 1387 1052 1468; x_wconf 88' lang='lat' dir='ltr'><strong>sententiarum,</strong></span> <span class='ocrx_word' id='word_1_85' title='bbox 1079 1407 1147 1473; x_wconf 89' lang='lat' dir='ltr'><strong>quo</strong></span> <span class='ocrx_word' id='word_1_86' title='bbox 1171 1387 1272 1475; x_wconf 90' lang='lat' dir='ltr'><strong>quid·</strong></span> 
     </span>
    </p>

    <p class='ocr_par' dir='ltr' id='par_1_3' title="bbox 230 1469 1273 1563">
     <span class='ocr_line' id='line_1_12' title="bbox 230 1469 1273 1563; baseline 0.004 -27"><span class='ocrx_word' id='word_1_87' title='bbox 230 1492 282 1534; x_wconf 88' lang='lat' dir='ltr'><strong>am</strong></span> <span class='ocrx_word' id='word_1_88' title='bbox 309 1479 402 1533; x_wconf 80' lang='lat' dir='ltr'><strong>essct</strong></span> <span class='ocrx_word' id='word_1_89' title='bbox 429 1469 567 1559; x_wconf 70' lang='lat' dir='ltr'><strong>elatius.</strong></span> <span class='ocrx_word' id='word_1_90' title='bbox 614 1473 670 1539; x_wconf 87' lang='grc'><strong>36.</strong></span> <span class='ocrx_word' id='word_1_91' title='bbox 698 1469 788 1537; x_wconf 88' lang='lat' dir='ltr'><strong>Huic</strong></span> <span class='ocrx_word' id='word_1_92' title='bbox 810 1471 1003 1560; x_wconf 80' lang='lat' dir='ltr'><strong>Hyperides</strong></span> <span class='ocrx_word' id='word_1_93' title='bbox 1035 1475 1208 1563; x_wconf 84' lang='lat' dir='ltr'><strong>proximus</strong></span> <span class='ocrx_word' id='word_1_94' title='bbox 1236 1480 1273 1540; x_wconf 87' lang='lat' dir='ltr'><strong>et</strong></span> 
     </span>
    </p>

    <p class='ocr_par' dir='ltr' id='par_1_4' title="bbox 179 1553 1272 1736">
     <span class='ocr_line' id='line_1_13' title="bbox 220 1553 1272 1644; baseline 0.003 -21"><span class='ocrx_word' id='word_1_95' title='bbox 220 1556 371 1623; x_wconf 79' lang='lat' dir='ltr'><strong>eschines</strong></span> <span class='ocrx_word' id='word_1_96' title='bbox 386 1555 453 1619; x_wconf 85' lang='lat' dir='ltr'><strong>fuit</strong></span> <span class='ocrx_word' id='word_1_97' title='bbox 466 1563 501 1619; x_wconf 92' lang='lat' dir='ltr'><strong>et</strong></span> <span class='ocrx_word' id='word_1_98' title='bbox 515 1553 694 1642; x_wconf 78' lang='lat' dir='ltr'><strong>Lycurgus</strong></span> <span class='ocrx_word' id='word_1_99' title='bbox 712 1566 746 1625; x_wconf 92' lang='lat' dir='ltr'><strong>et</strong></span> <span class='ocrx_word' id='word_1_100' title='bbox 759 1556 953 1626; x_wconf 79' lang='lat' dir='ltr'><strong>Dinarchus</strong></span> <span class='ocrx_word' id='word_1_101' title='bbox 966 1569 1002 1629; x_wconf 90' lang='lat' dir='ltr'><strong>et</strong></span> <span class='ocrx_word' id='word_1_102' title='bbox 1015 1561 1058 1644; x_wconf 87' lang='lat' dir='ltr'><strong>is,</strong></span> <span class='ocrx_word' id='word_1_103' title='bbox 1080 1562 1178 1626; x_wconf 86' lang='lat' dir='ltr'><strong>auius</strong></span> <span class='ocrx_word' id='word_1_104' title='bbox 1194 1562 1272 1626; x_wconf 91' lang='lat' dir='ltr'><strong>nul-</strong></span> 
     </span>
     <span class='ocr_line' id='line_1_14' title="bbox 179 1642 1272 1736; baseline 0.002 -24"><span class='ocrx_word' id='word_1_105' title='bbox 179 1647 215 1712; x_wconf 89' lang='lat' dir='ltr'><strong>la</strong></span> <span class='ocrx_word' id='word_1_106' title='bbox 235 1650 351 1710; x_wconf 82' lang='lat' dir='ltr'><strong>extant</strong></span> <span class='ocrx_word' id='word_1_107' title='bbox 369 1643 518 1730; x_wconf 86' lang='lat' dir='ltr'><strong>scripta,</strong></span> <span class='ocrx_word' id='word_1_108' title='bbox 545 1642 735 1728; x_wconf 82' lang='lat' dir='ltr'><strong>Demades,</strong></span> <span class='ocrx_word' id='word_1_109' title='bbox 763 1647 1030 1736; x_wconf 86' lang='lat' dir='ltr'><strong>aliiqueplures.</strong></span> <span class='ocrx_word' id='word_1_110' title='bbox 1072 1648 1166 1715; x_wconf 87' lang='lat' dir='ltr'><strong>Haec</strong></span> <span class='ocrx_word' id='word_1_111' title='bbox 1182 1648 1272 1715; x_wconf 87' lang='lat' dir='ltr'><strong>enirn</strong></span> 
     </span>
    </p>
   </div>
   <div class='ocr_carea' id='block_1_3' title="bbox 184 1816 1325 3468">
    <p class='ocr_par' dir='ltr' id='par_1_5' title="bbox 184 1816 1325 3468">
     <span class='ocr_line' id='line_1_15' title="bbox 185 1816 878 1886; baseline 0 -14"><span class='ocrx_word' id='word_1_112' title='bbox 185 1826 189 1831; x_wconf 82' lang='lat'>&#39;</span> <span class='ocrx_word' id='word_1_113' title='bbox 248 1817 293 1872; x_wconf 81' lang='grc'><strong>34.</strong></span> <span class='ocrx_word' id='word_1_114' title='bbox 327 1816 420 1885; x_wconf 86' lang='lat' dir='ltr'><strong>defici]</strong></span> <span class='ocrx_word' id='word_1_115' title='bbox 445 1817 622 1886; x_wconf 74' lang='lat' dir='ltr'><strong>deficereed.</strong></span> <span class='ocrx_word' id='word_1_116' title='bbox 637 1835 678 1884; x_wconf 87' lang='lat' dir='ltr'><strong>pr.</strong></span> <span class='ocrx_word' id='word_1_117' title='bbox 875 1880 878 1885; x_wconf 51' lang='grc'><strong>,</strong></span> 
     </span>
     <span class='ocr_line' id='line_1_16' title="bbox 248 1888 1271 1960; baseline 0.005 -18"><span class='ocrx_word' id='word_1_118' title='bbox 248 1888 379 1942; x_wconf 69' lang='grc'><strong>(19.35.</strong></span> <span class='ocrx_word' id='word_1_119' title='bbox 403 1890 614 1953; x_wconf 77' lang='grc' dir='ltr'><strong>Ι1111111111]</strong></span> <span class='ocrx_word' id='word_1_120' title='bbox 638 1892 683 1941; x_wconf 83' lang='lat' dir='ltr'><strong>Sic</strong></span> <span class='ocrx_word' id='word_1_121' title='bbox 701 1892 743 1943; x_wconf 90' lang='lat' dir='ltr'><strong>ed.</strong></span> <span class='ocrx_word' id='word_1_122' title='bbox 764 1903 806 1956; x_wconf 90' lang='lat' dir='ltr'><strong>pr.</strong></span> <span class='ocrx_word' id='word_1_123' title='bbox 832 1890 862 1943; x_wconf 89' lang='lat' dir='ltr'><strong>et</strong></span> <span class='ocrx_word' id='word_1_124' title='bbox 879 1888 1125 1960; x_wconf 65' lang='lat' dir='ltr'><strong>relinquentia</strong></span> <span class='ocrx_word' id='word_1_125' title='bbox 1143 1894 1177 1946; x_wconf 86' lang='lat' dir='ltr'><strong>D.</strong></span> <span class='ocrx_word' id='word_1_126' title='bbox 1193 1892 1271 1947; x_wconf 74' lang='lat' dir='ltr'><strong>etta</strong></span> 
     </span>
     <span class='ocr_line' id='line_1_17' title="bbox 215 1957 1136 2028; baseline -0.004 -16"><span class='ocrx_word' id='word_1_127' title='bbox 215 1973 271 2028; x_wconf 79' lang='lat' dir='ltr'><strong>quo</strong></span> <span class='ocrx_word' id='word_1_128' title='bbox 283 1957 355 2008; x_wconf 77' lang='lat' dir='ltr'><strong>ntae</strong></span> <span class='ocrx_word' id='word_1_129' title='bbox 368 1957 418 2006; x_wconf 75' lang='lat' dir='ltr'><strong>Gn.</strong></span> <span class='ocrx_word' id='word_1_130' title='bbox 433 1961 458 2007; x_wconf 84' lang='lat'><strong>2.</strong></span> <span class='ocrx_word' id='word_1_131' title='bbox 482 1959 594 2009; x_wconf 80' lang='lat' dir='ltr'><strong>Schdtz.</strong></span> <span class='ocrx_word' id='word_1_132' title='bbox 1134 1967 1136 1985; x_wconf 70' lang='lat'><em>&#39;</em></span> 
     </span>
     <span class='ocr_line' id='line_1_18' title="bbox 249 2026 1272 2096; baseline 0.006 -18"><span class='ocrx_word' id='word_1_133' title='bbox 249 2033 314 2093; x_wconf 84' lang='lat' dir='ltr'><strong>[quo</strong></span> <span class='ocrx_word' id='word_1_134' title='bbox 326 2027 386 2076; x_wconf 86' lang='lat' dir='ltr'><strong>fieri</strong></span> <span class='ocrx_word' id='word_1_135' title='bbox 398 2026 498 2089; x_wconf 78' lang='lat' dir='ltr'><strong>possit]</strong></span> <span class='ocrx_word' id='word_1_136' title='bbox 521 2026 700 2079; x_wconf 78' lang='lat' dir='ltr'><strong>schneidems</strong></span> <span class='ocrx_word' id='word_1_137' title='bbox 714 2026 886 2079; x_wconf 81' lang='lat' dir='ltr'><strong>desiderabat</strong></span> <span class='ocrx_word' id='word_1_138' title='bbox 896 2028 1011 2092; x_wconf 74' lang='lat' dir='ltr'><strong>possets</strong></span> <span class='ocrx_word' id='word_1_139' title='bbox 1032 2042 1111 2093; x_wconf 85' lang='lat' dir='ltr'><strong>quem</strong></span> <span class='ocrx_word' id='word_1_140' title='bbox 1124 2028 1197 2096; x_wconf 79' lang='lat' dir='ltr'><strong>fugit</strong></span> <span class='ocrx_word' id='word_1_141' title='bbox 1210 2031 1272 2084; x_wconf 79' lang='lat' dir='ltr'><strong>ior-</strong></span> 
     </span>
     <span class='ocr_line' id='line_1_19' title="bbox 212 2095 1272 2163; baseline 0.001 -14"><span class='ocrx_word' id='word_1_142' title='bbox 212 2101 288 2150; x_wconf 85' lang='lat' dir='ltr'><strong>tnuia</strong></span> <span class='ocrx_word' id='word_1_143' title='bbox 302 2096 496 2161; x_wconf 84' lang='lat' dir='ltr'><strong>Ciceroniana,</strong></span> <span class='ocrx_word' id='word_1_144' title='bbox 519 2097 591 2153; x_wconf 78' lang='lat' dir='ltr'><strong>niliit</strong></span> <span class='ocrx_word' id='word_1_145' title='bbox 606 2095 673 2162; x_wconf 81' lang='lat' dir='ltr'><strong>fieri</strong></span> <span class='ocrx_word' id='word_1_146' title='bbox 682 2099 798 2163; x_wconf 81' lang='lat' dir='ltr'><strong>potest,</strong></span> <span class='ocrx_word' id='word_1_147' title='bbox 823 2098 981 2160; x_wconf 78' lang='lat' dir='ltr'><strong>significans</strong></span> <span class='ocrx_word' id='word_1_148' title='bbox 999 2098 1065 2149; x_wconf 86' lang='lat' dir='ltr'><strong>nihii</strong></span> <span class='ocrx_word' id='word_1_149' title='bbox 1085 2108 1132 2151; x_wconf 86' lang='lat' dir='ltr'><strong>aut</strong></span> <span class='ocrx_word' id='word_1_150' title='bbox 1150 2101 1272 2153; x_wconf 78' lang='lat' dir='ltr'><strong>existere</strong></span> 
     </span>
     <span class='ocr_line' id='line_1_20' title="bbox 186 2164 1272 2232; baseline 0.004 -14"><span class='ocrx_word' id='word_1_151' title='bbox 186 2172 189 2177; x_wconf 88' lang='lat'>&#39;</span> <span class='ocrx_word' id='word_1_152' title='bbox 212 2178 296 2231; x_wconf 78' lang='lat' dir='ltr'><strong>posse</strong></span> <span class='ocrx_word' id='word_1_153' title='bbox 319 2174 367 2216; x_wconf 76' lang='lat' dir='ltr'><strong>atat</strong></span> <span class='ocrx_word' id='word_1_154' title='bbox 386 2166 509 2230; x_wconf 86' lang='lat' dir='ltr'><strong>cogitari.</strong></span> <span class='ocrx_word' id='word_1_155' title='bbox 544 2168 585 2216; x_wconf 87' lang='lat' dir='ltr'><strong>De</strong></span> <span class='ocrx_word' id='word_1_156' title='bbox 599 2169 633 2217; x_wconf 87' lang='lat' dir='ltr'><strong>N.</strong></span> <span class='ocrx_word' id='word_1_157' title='bbox 647 2167 680 2216; x_wconf 87' lang='grc' dir='ltr'><strong>Ι).</strong></span> <span class='ocrx_word' id='word_1_158' title='bbox 699 2168 742 2229; x_wconf 90' lang='lat' dir='ltr'><strong>ll,</strong></span> <span class='ocrx_word' id='word_1_159' title='bbox 760 2167 801 2216; x_wconf 94' lang='grc'><strong>17.</strong></span> <span class='ocrx_word' id='word_1_160' title='bbox 826 2178 881 2231; x_wconf 82' lang='lat' dir='ltr'><strong>qao</strong></span> <span class='ocrx_word' id='word_1_161' title='bbox 902 2167 978 2217; x_wconf 76' lang='lat' dir='ltr'><strong>niati</strong></span> <span class='ocrx_word' id='word_1_162' title='bbox 989 2164 1058 2232; x_wconf 79' lang='lat' dir='ltr'><strong>fieri</strong></span> <span class='ocrx_word' id='word_1_163' title='bbox 1078 2171 1272 2222; x_wconf 69' lang='lat' dir='ltr'><strong>excellentiae</strong></span> 
     </span>
     <span class='ocr_line' id='line_1_21' title="bbox 210 2233 935 2303; baseline -0.001 -17"><span class='ocrx_word' id='word_1_164' title='bbox 210 2237 326 2303; x_wconf 77' lang='lat' dir='ltr'><strong>potest:</strong></span> <span class='ocrx_word' id='word_1_165' title='bbox 345 2233 617 2302; x_wconf 77' lang='lat' dir='ltr'><strong>coll.&#39;Acad·11,4,</strong></span> <span class='ocrx_word' id='word_1_166' title='bbox 636 2237 678 2285; x_wconf 86' lang='lat'><strong>11.</strong></span> <span class='ocrx_word' id='word_1_167' title='bbox 703 2233 779 2284; x_wconf 75' lang='lat' dir='ltr'><strong>iiam</strong></span> <span class='ocrx_word' id='word_1_168' title='bbox 792 2235 876 2297; x_wconf 84' lang='lat' dir='ltr'><strong>xvi,</strong></span> <span class='ocrx_word' id='word_1_169' title='bbox 895 2234 935 2295; x_wconf 84' lang='grc'><strong>5.]</strong></span> 
     </span>
     <span class='ocr_line' id='line_1_22' title="bbox 247 2303 1271 2369; baseline 0.005 -15"><span class='ocrx_word' id='word_1_170' title='bbox 247 2306 393 2356; x_wconf 82' lang='lat' dir='ltr'><strong>verborum</strong></span> <span class='ocrx_word' id='word_1_171' title='bbox 404 2303 540 2367; x_wconf 76' lang='lat' dir='ltr'><strong>gravitate</strong></span> <span class='ocrx_word' id='word_1_172' title='bbox 554 2305 599 2353; x_wconf 89' lang='lat' dir='ltr'><strong>vel</strong></span> <span class='ocrx_word' id='word_1_173' title='bbox 613 2305 820 2364; x_wconf 83' lang='lat' dir='ltr'><strong>sententiarum]</strong></span> <span class='ocrx_word' id='word_1_174' title='bbox 838 2305 985 2355; x_wconf 79' lang='lat' dir='ltr'><strong>Lambinus</strong></span> <span class='ocrx_word' id='word_1_175' title='bbox 998 2317 1101 2369; x_wconf 79' lang='lat' dir='ltr'><strong>negans</strong></span> <span class='ocrx_word' id='word_1_176' title='bbox 1113 2305 1271 2359; x_wconf 81' lang='lat' dir='ltr'><strong>certarem</strong></span> 
     </span>
     <span class='ocr_line' id='line_1_23' title="bbox 212 2368 1271 2445; baseline -0.009 -16"><span class='ocrx_word' id='word_1_177' title='bbox 212 2376 297 2429; x_wconf 86' lang='lat' dir='ltr'><strong>uilem</strong></span> <span class='ocrx_word' id='word_1_178' title='bbox 311 2368 373 2423; x_wconf 79' lang='lat' dir='ltr'><strong>es&#39;ae</strong></span> <span class='ocrx_word' id='word_1_179' title='bbox 386 2370 436 2437; x_wconf 82' lang='lat' dir='ltr'><strong>per</strong></span> <span class='ocrx_word' id='word_1_180' title='bbox 449 2385 480 2422; x_wconf 87' lang='lat' dir='ltr'><strong>sc</strong></span> <span class='ocrx_word' id='word_1_181' title='bbox 492 2374 687 2442; x_wconf 68' lang='lat' dir='ltr'><strong>pravitatem,</strong></span> <span class='ocrx_word' id='word_1_182' title='bbox 705 2374 753 2423; x_wconf 87' lang='lat' dir='ltr'><strong>sed</strong></span> <span class='ocrx_word' id='word_1_183' title='bbox 764 2373 908 2429; x_wconf 76' lang='lat' dir='ltr'><strong>verbenam</strong></span> <span class='ocrx_word' id='word_1_184' title='bbox 920 2386 983 2425; x_wconf 81' lang='lat' dir='ltr'><strong>csse</strong></span> <span class='ocrx_word' id='word_1_185' title='bbox 997 2375 1187 2445; x_wconf 53' lang='lat' dir='ltr'><strong>granditatem</strong></span> <span class='ocrx_word' id='word_1_186' title='bbox 1203 2391 1271 2440; x_wconf 73' lang='lat' dir='ltr'><strong>gro.</strong></span> 
     </span>
     <span class='ocr_line' id='line_1_24' title="bbox 186 2442 1271 2511; baseline 0.005 -17"><span class='ocrx_word' id='word_1_187' title='bbox 186 2504 189 2509; x_wconf 90' lang='lat'><strong>.</strong></span> <span class='ocrx_word' id='word_1_188' title='bbox 213 2445 327 2496; x_wconf 85' lang='lat' dir='ltr'><strong>vitatem</strong></span> <span class='ocrx_word' id='word_1_189' title='bbox 348 2442 558 2507; x_wconf 85' lang='lat' dir='ltr'><strong>sententiarum,</strong></span> <span class='ocrx_word' id='word_1_190' title='bbox 585 2443 725 2506; x_wconf 84' lang='lat' dir='ltr'><strong>proposuit</strong></span> <span class='ocrx_word' id='word_1_191' title='bbox 738 2442 894 2494; x_wconf 74' lang='lat' dir='ltr'><strong>verterem</strong></span> <span class='ocrx_word' id='word_1_192' title='bbox 905 2445 1076 2511; x_wconf 60' lang='lat' dir='ltr'><strong>granditate</strong></span> <span class='ocrx_word' id='word_1_193' title='bbox 1088 2445 1134 2496; x_wconf 83' lang='lat' dir='ltr'><strong>aet</strong></span> <span class='ocrx_word' id='word_1_194' title='bbox 1148 2449 1271 2505; x_wconf 76' lang='lat' dir='ltr'><strong>senten·</strong></span> 
     </span>
     <span class='ocr_line' id='line_1_25' title="bbox 211 2510 1271 2579; baseline 0.001 -14"><span class='ocrx_word' id='word_1_195' title='bbox 211 2514 325 2566; x_wconf 83' lang='lat' dir='ltr'><strong>tiaram</strong></span> <span class='ocrx_word' id='word_1_196' title='bbox 337 2510 505 2578; x_wconf 68' lang='lat' dir='ltr'><strong>praeitetef</strong></span> <span class='ocrx_word' id='word_1_197' title='bbox 530 2512 594 2563; x_wconf 85' lang='lat' dir='ltr'><strong>item</strong></span> <span class='ocrx_word' id='word_1_198' title='bbox 608 2512 745 2578; x_wconf 76' lang='lat' dir='ltr'><strong>ocenias,</strong></span> <span class='ocrx_word' id='word_1_199' title='bbox 770 2512 851 2573; x_wconf 80' lang='lat' dir='ltr'><strong>penio</strong></span> <span class='ocrx_word' id='word_1_200' title='bbox 864 2519 955 2563; x_wconf 78' lang='lat' dir='ltr'><strong>maren</strong></span> <span class='ocrx_word' id='word_1_201' title='bbox 967 2514 1049 2565; x_wconf 81' lang='lat' dir='ltr'><strong>aliter</strong></span> <span class='ocrx_word' id='word_1_202' title='bbox 1060 2515 1204 2579; x_wconf 86' lang='lat' dir='ltr'><strong>collocatis</strong></span> <span class='ocrx_word' id='word_1_203' title='bbox 1216 2522 1271 2566; x_wconf 81' lang='lat' dir='ltr'><strong>rc-</strong></span> 
     </span>
     <span class='ocr_line' id='line_1_26' title="bbox 212 2581 1270 2651; baseline -0.001 -17"><span class='ocrx_word' id='word_1_204' title='bbox 212 2584 300 2651; x_wconf 85' lang='lat' dir='ltr'><strong>cibus,</strong></span> <span class='ocrx_word' id='word_1_205' title='bbox 317 2583 473 2633; x_wconf 72' lang='lat' dir='ltr'><strong>ceorlorum</strong></span> <span class='ocrx_word' id='word_1_206' title='bbox 485 2582 655 2648; x_wconf 65' lang='lat' dir='ltr'><strong>poenalitate</strong></span> <span class='ocrx_word' id='word_1_207' title='bbox 668 2584 714 2635; x_wconf 85' lang='lat' dir='ltr'><strong>eet</strong></span> <span class='ocrx_word' id='word_1_208' title='bbox 725 2581 873 2648; x_wconf 73' lang='lat' dir='ltr'><strong>pravitate</strong></span> <span class='ocrx_word' id='word_1_209' title='bbox 880 2583 1100 2634; x_wconf 79' lang='lat' dir='ltr'><strong>sententiarum.</strong></span> <span class='ocrx_word' id='word_1_210' title='bbox 1134 2584 1188 2634; x_wconf 83' lang='lat' dir='ltr'><strong>Sed</strong></span> <span class='ocrx_word' id='word_1_211' title='bbox 1200 2593 1270 2635; x_wconf 85' lang='lat' dir='ltr'><strong>usus</strong></span> 
     </span>
     <span class='ocr_line' id='line_1_27' title="bbox 213 2651 1274 2718; baseline 0.003 -14"><span class='ocrx_word' id='word_1_212' title='bbox 213 2652 374 2716; x_wconf 82' lang='lat' dir='ltr'><strong>Ciceronis,</strong></span> <span class='ocrx_word' id='word_1_213' title='bbox 402 2652 447 2702; x_wconf 85' lang='lat' dir='ltr'><strong>cui</strong></span> <span class='ocrx_word' id='word_1_214' title='bbox 465 2653 621 2702; x_wconf 80' lang='lat' dir='ltr'><strong>narborem</strong></span> <span class='ocrx_word' id='word_1_215' title='bbox 635 2652 771 2718; x_wconf 72' lang='lat' dir='ltr'><strong>ararites</strong></span> <span class='ocrx_word' id='word_1_216' title='bbox 785 2651 944 2714; x_wconf 81' lang='lat' dir='ltr'><strong>dignitatem</strong></span> <span class='ocrx_word' id='word_1_217' title='bbox 961 2651 1114 2715; x_wconf 83' lang='lat' dir='ltr'><strong>significat,</strong></span> <span class='ocrx_word' id='word_1_218' title='bbox 1143 2652 1274 2715; x_wconf 72' lang='lat' dir='ltr'><strong>nentina</strong></span> 
     </span>
     <span class='ocr_line' id='line_1_28' title="bbox 184 2719 1270 2790; baseline 0.001 -16"><span class='ocrx_word' id='word_1_219' title='bbox 184 2754 187 2759; x_wconf 94' lang='lat'><em>-</em></span> <span class='ocrx_word' id='word_1_220' title='bbox 211 2721 341 2774; x_wconf 87' lang='lat' dir='ltr'><strong>iudicium</strong></span> <span class='ocrx_word' id='word_1_221' title='bbox 360 2720 491 2783; x_wconf 71' lang='lat' dir='ltr'><strong>infringit.</strong></span> <span class='ocrx_word' id='word_1_222' title='bbox 527 2722 603 2772; x_wconf 85' lang='lat' dir='ltr'><strong>inira</strong></span> <span class='ocrx_word' id='word_1_223' title='bbox 625 2723 707 2770; x_wconf 76' lang='grc'><strong>162.</strong></span> <span class='ocrx_word' id='word_1_224' title='bbox 730 2720 811 2769; x_wconf 76' lang='lat' dir='ltr'><strong>Erat</strong></span> <span class='ocrx_word' id='word_1_225' title='bbox 828 2719 859 2768; x_wconf 80' lang='lat' dir='ltr'><strong>in</strong></span> <span class='ocrx_word' id='word_1_226' title='bbox 878 2720 974 2770; x_wconf 80' lang='lat' dir='ltr'><strong>certis</strong></span> <span class='ocrx_word' id='word_1_227' title='bbox 988 2723 1123 2786; x_wconf 77' lang='lat' dir='ltr'><strong>pravitas</strong></span> <span class='ocrx_word' id='word_1_228' title='bbox 1137 2724 1168 2772; x_wconf 82' lang='lat' dir='ltr'><strong>et</strong></span> <span class='ocrx_word' id='word_1_229' title='bbox 1179 2723 1270 2790; x_wconf 73' lang='lat' dir='ltr'><strong>fartis</strong></span> 
     </span>
     <span class='ocr_line' id='line_1_29' title="bbox 186 2788 1269 2857; baseline -0.001 -11"><span class='ocrx_word' id='word_1_230' title='bbox 186 2840 189 2846; x_wconf 94' lang='lat'><strong>.</strong></span> <span class='ocrx_word' id='word_1_231' title='bbox 211 2790 333 2845; x_wconf 57' lang='lat' dir='ltr'><strong>&amp;cetat</strong></span> <span class='ocrx_word' id='word_1_232' title='bbox 368 2788 398 2840; x_wconf 83' lang='lat' dir='ltr'><strong>G.</strong></span> <span class='ocrx_word' id='word_1_233' title='bbox 406 2792 451 2857; x_wconf 86' lang='grc'><strong>76.</strong></span> <span class='ocrx_word' id='word_1_234' title='bbox 468 2790 568 2840; x_wconf 74' lang='lat' dir='ltr'><strong>Erant</strong></span> <span class='ocrx_word' id='word_1_235' title='bbox 580 2790 612 2839; x_wconf 81' lang='lat' dir='ltr'><strong>tn</strong></span> <span class='ocrx_word' id='word_1_236' title='bbox 625 2789 772 2854; x_wconf 76' lang='lat' dir='ltr'><strong>Torquato</strong></span> <span class='ocrx_word' id='word_1_237' title='bbox 786 2788 931 2848; x_wconf 78' lang='lat' dir='ltr'><strong>plurimae</strong></span> <span class='ocrx_word' id='word_1_238' title='bbox 936 2789 1075 2856; x_wconf 60' lang='lat' dir='ltr'><strong>*litterae</strong></span> <span class='ocrx_word' id='word_1_239' title='bbox 1092 2791 1193 2843; x_wconf 71' lang='lat' dir='ltr'><strong>atoma</strong></span> <span class='ocrx_word' id='word_1_240' title='bbox 1205 2805 1269 2845; x_wconf 83' lang='lat' dir='ltr'><strong>eie-</strong></span> 
     </span>
     <span class='ocr_line' id='line_1_30' title="bbox 211 2857 1325 2928; baseline 0 -14"><span class='ocrx_word' id='word_1_241' title='bbox 211 2861 325 2928; x_wconf 81' lang='lat' dir='ltr'><strong>moria,</strong></span> <span class='ocrx_word' id='word_1_242' title='bbox 347 2871 459 2909; x_wconf 85' lang='lat' dir='ltr'><strong>suntme</strong></span> <span class='ocrx_word' id='word_1_243' title='bbox 477 2859 633 2909; x_wconf 78' lang='lat' dir='ltr'><strong>aeriorem</strong></span> <span class='ocrx_word' id='word_1_244' title='bbox 652 2860 681 2908; x_wconf 86' lang='lat' dir='ltr'><strong>et</strong></span> <span class='ocrx_word' id='word_1_245' title='bbox 697 2857 831 2924; x_wconf 66' lang='lat' dir='ltr'><strong>praviter</strong></span> <span class='ocrx_word' id='word_1_246' title='bbox 850 2859 879 2907; x_wconf 89' lang='lat' dir='ltr'><strong>ct</strong></span> <span class='ocrx_word' id='word_1_247' title='bbox 901 2859 1055 2924; x_wconf 60' lang='lat' dir='ltr'><strong>elegantia.</strong></span> <span class='ocrx_word' id='word_1_248' title='bbox 1089 2861 1130 2909; x_wconf 85' lang='lat' dir='ltr'><strong>De</strong></span> <span class='ocrx_word' id='word_1_249' title='bbox 1151 2860 1269 2914; x_wconf 80' lang='lat' dir='ltr'><strong>Oratore</strong></span> <span class='ocrx_word' id='word_1_250' title='bbox 1323 2920 1325 2924; x_wconf 54' lang='grc'><strong>,</strong></span> 
     </span>
     <span class='ocr_line' id='line_1_31' title="bbox 184 2926 1268 2998; baseline 0 -16"><span class='ocrx_word' id='word_1_251' title='bbox 184 2964 188 2973; x_wconf 87' lang='grc'>-</span> <span class='ocrx_word' id='word_1_252' title='bbox 212 2930 266 2998; x_wconf 89' lang='grc'><strong>111,</strong></span> <span class='ocrx_word' id='word_1_253' title='bbox 283 2929 311 2993; x_wconf 88' lang='lat'><strong>8,</strong></span> <span class='ocrx_word' id='word_1_254' title='bbox 329 2930 372 2977; x_wconf 81' lang='grc'><strong>31.</strong></span> <span class='ocrx_word' id='word_1_255' title='bbox 391 2927 537 2991; x_wconf 72' lang='lat' dir='ltr'><strong>Sulpiciana</strong></span> <span class='ocrx_word' id='word_1_256' title='bbox 552 2927 715 2993; x_wconf 75' lang='lat' dir='ltr'><strong>fortissimo</strong></span> <span class='ocrx_word' id='word_1_257' title='bbox 729 2927 853 2992; x_wconf 79' lang='lat' dir='ltr'><strong>quodam</strong></span> <span class='ocrx_word' id='word_1_258' title='bbox 865 2926 955 2976; x_wconf 74' lang='lat' dir='ltr'><strong>anime</strong></span> <span class='ocrx_word' id='word_1_259' title='bbox 966 2929 1087 2993; x_wconf 77' lang='lat' dir='ltr'><strong>impete,</strong></span> <span class='ocrx_word' id='word_1_260' title='bbox 1100 2929 1268 2992; x_wconf 66' lang='lat' dir='ltr'><strong>plenarium</strong></span> 
     </span>
     <span class='ocr_line' id='line_1_32' title="bbox 211 2997 1267 3066; baseline -0.003 -14"><span class='ocrx_word' id='word_1_261' title='bbox 211 3003 242 3052; x_wconf 86' lang='lat' dir='ltr'><strong>et</strong></span> <span class='ocrx_word' id='word_1_262' title='bbox 254 2997 384 3050; x_wconf 78' lang='lat' dir='ltr'><strong>menime</strong></span> <span class='ocrx_word' id='word_1_263' title='bbox 395 3009 480 3064; x_wconf 83' lang='lat' dir='ltr'><strong>ecce,</strong></span> <span class='ocrx_word' id='word_1_264' title='bbox 496 3010 608 3047; x_wconf 86' lang='lat' dir='ltr'><strong>samma</strong></span> <span class='ocrx_word' id='word_1_265' title='bbox 618 2997 801 3046; x_wconf 77' lang='lat' dir='ltr'><strong>contentione</strong></span> <span class='ocrx_word' id='word_1_266' title='bbox 812 2997 947 3059; x_wconf 72' lang='lat' dir='ltr'><strong>corporis</strong></span> <span class='ocrx_word' id='word_1_267' title='bbox 960 2999 991 3048; x_wconf 87' lang='lat' dir='ltr'><strong>et</strong></span> <span class='ocrx_word' id='word_1_268' title='bbox 1004 2997 1148 3063; x_wconf 76' lang='lat' dir='ltr'><strong>eipnitate</strong></span> <span class='ocrx_word' id='word_1_269' title='bbox 1159 3000 1267 3066; x_wconf 69' lang='lat' dir='ltr'><strong>murs,</strong></span> 
     </span>
     <span class='ocr_line' id='line_1_33' title="bbox 211 3064 1267 3134; baseline -0.001 -13"><span class='ocrx_word' id='word_1_270' title='bbox 211 3069 368 3121; x_wconf 73' lang='lat' dir='ltr'><strong>verboram</strong></span> <span class='ocrx_word' id='word_1_271' title='bbox 389 3078 499 3132; x_wconf 81' lang='lat' dir='ltr'><strong>qaoque</strong></span> <span class='ocrx_word' id='word_1_272' title='bbox 518 3079 554 3118; x_wconf 86' lang='lat' dir='ltr'><strong>aa</strong></span> <span class='ocrx_word' id='word_1_273' title='bbox 573 3068 724 3134; x_wconf 73' lang='lat' dir='ltr'><strong>pravitate</strong></span> <span class='ocrx_word' id='word_1_274' title='bbox 741 3068 771 3117; x_wconf 85' lang='lat' dir='ltr'><strong>et</strong></span> <span class='ocrx_word' id='word_1_275' title='bbox 789 3064 873 3129; x_wconf 83' lang='lat' dir='ltr'><strong>copie</strong></span> <span class='ocrx_word' id='word_1_276' title='bbox 894 3067 955 3133; x_wconf 84' lang='lat' dir='ltr'><strong>est,</strong></span> <span class='ocrx_word' id='word_1_277' title='bbox 980 3067 1015 3116; x_wconf 83' lang='lat' dir='ltr'><strong>et</strong></span> <span class='ocrx_word' id='word_1_278' title='bbox 1027 3079 1102 3116; x_wconf 80' lang='lat' dir='ltr'><strong>aner</strong></span> <span class='ocrx_word' id='word_1_279' title='bbox 1115 3067 1154 3119; x_wconf 82' lang='lat' dir='ltr'><strong>ad</strong></span> <span class='ocrx_word' id='word_1_280' title='bbox 1166 3065 1267 3128; x_wconf 59' lang='lat' dir='ltr'><strong>dern-</strong></span> 
     </span>
     <span class='ocr_line' id='line_1_34' title="bbox 211 3135 1266 3204; baseline -0.004 -14"><span class='ocrx_word' id='word_1_281' title='bbox 211 3139 281 3190; x_wconf 79' lang='lat' dir='ltr'><strong>dem</strong></span> <span class='ocrx_word' id='word_1_282' title='bbox 292 3135 537 3187; x_wconf 67' lang='lat' dir='ltr'><strong>instructas-imae</strong></span> <span class='ocrx_word' id='word_1_283' title='bbox 550 3151 569 3187; x_wconf 90' lang='lat' dir='ltr'><strong>e</strong></span> <span class='ocrx_word' id='word_1_284' title='bbox 582 3139 694 3187; x_wconf 84' lang='lat' dir='ltr'><strong>natare</strong></span> <span class='ocrx_word' id='word_1_285' title='bbox 706 3148 769 3187; x_wconf 85' lang='lat' dir='ltr'><strong>ease</strong></span> <span class='ocrx_word' id='word_1_286' title='bbox 780 3135 928 3185; x_wconf 80' lang='lat' dir='ltr'><strong>videatur.</strong></span> <span class='ocrx_word' id='word_1_287' title='bbox 962 3135 988 3185; x_wconf 87' lang='lat' dir='ltr'>N</span> <span class='ocrx_word' id='word_1_288' title='bbox 989 3148 1020 3184; x_wconf 90' lang='lat' dir='ltr'><strong>ec</strong></span> <span class='ocrx_word' id='word_1_289' title='bbox 1032 3136 1092 3185; x_wconf 86' lang='lat' dir='ltr'><strong>veri</strong></span> <span class='ocrx_word' id='word_1_290' title='bbox 1108 3144 1151 3187; x_wconf 86' lang='lat' dir='ltr'><strong>est</strong></span> <span class='ocrx_word' id='word_1_291' title='bbox 1166 3137 1266 3204; x_wconf 83' lang='lat' dir='ltr'><strong>simile,</strong></span> 
     </span>
     <span class='ocr_line' id='line_1_35' title="bbox 201 3204 1268 3271; baseline -0.004 -13"><span class='ocrx_word' id='word_1_292' title='bbox 201 3220 306 3258; x_wconf 83' lang='lat' dir='ltr'><strong>onmes</strong></span> <span class='ocrx_word' id='word_1_293' title='bbox 324 3209 372 3256; x_wconf 87' lang='lat' dir='ltr'><strong>hos</strong></span> <span class='ocrx_word' id='word_1_294' title='bbox 390 3209 465 3256; x_wconf 89' lang='lat' dir='ltr'><strong>locos</strong></span> <span class='ocrx_word' id='word_1_295' title='bbox 483 3205 512 3255; x_wconf 87' lang='lat' dir='ltr'><strong>tn</strong></span> <span class='ocrx_word' id='word_1_296' title='bbox 530 3216 562 3254; x_wconf 89' lang='lat' dir='ltr'><strong>co</strong></span> <span class='ocrx_word' id='word_1_297' title='bbox 576 3207 710 3257; x_wconf 86' lang='lat' dir='ltr'><strong>vocabulo</strong></span> <span class='ocrx_word' id='word_1_298' title='bbox 725 3212 865 3266; x_wconf 86' lang='lat' dir='ltr'><strong>corruptos</strong></span> <span class='ocrx_word' id='word_1_299' title='bbox 878 3215 951 3251; x_wconf 88' lang='lat' dir='ltr'><strong>esse.</strong></span> <span class='ocrx_word' id='word_1_300' title='bbox 985 3204 1100 3254; x_wconf 83' lang='lat' dir='ltr'><strong>Accedit</strong></span> <span class='ocrx_word' id='word_1_301' title='bbox 1114 3205 1268 3271; x_wconf 83' lang='lat' dir='ltr'><strong>charisius,</strong></span> 
     </span>
     <span class='ocr_line' id='line_1_36' title="bbox 209 3272 1267 3340; baseline -0.002 -13"><span class='ocrx_word' id='word_1_302' title='bbox 209 3276 301 3340; x_wconf 83' lang='lat' dir='ltr'><strong>ipsum</strong></span> <span class='ocrx_word' id='word_1_303' title='bbox 313 3277 383 3325; x_wconf 78' lang='lat' dir='ltr'><strong>hamc</strong></span> <span class='ocrx_word' id='word_1_304' title='bbox 396 3278 485 3326; x_wconf 87' lang='lat' dir='ltr'><strong>locum</strong></span> <span class='ocrx_word' id='word_1_305' title='bbox 499 3275 617 3339; x_wconf 76' lang='lat' dir='ltr'><strong>aderens</strong></span> <span class='ocrx_word' id='word_1_306' title='bbox 635 3290 662 3338; x_wconf 88' lang='lat' dir='ltr'><strong>p.</strong></span> <span class='ocrx_word' id='word_1_307' title='bbox 676 3276 738 3327; x_wconf 90' lang='grc'><strong>179.</strong></span> <span class='ocrx_word' id='word_1_308' title='bbox 750 3273 858 3325; x_wconf 66' lang='lat' dir='ltr'><strong>Cicero</strong></span> <span class='ocrx_word' id='word_1_309' title='bbox 873 3272 905 3321; x_wconf 82' lang='lat' dir='ltr'><strong>in</strong></span> <span class='ocrx_word' id='word_1_310' title='bbox 918 3273 1032 3323; x_wconf 76' lang='lat' dir='ltr'><strong>Brntot</strong></span> <span class='ocrx_word' id='word_1_311' title='bbox 1048 3273 1122 3324; x_wconf 76' lang='lat' dir='ltr'><strong>mati</strong></span> <span class='ocrx_word' id='word_1_312' title='bbox 1131 3274 1199 3324; x_wconf 79' lang='lat' dir='ltr'><strong>tam</strong></span> <span class='ocrx_word' id='word_1_313' title='bbox 1212 3287 1267 3325; x_wconf 87' lang='lat' dir='ltr'><strong>cr-</strong></span> 
     </span>
     <span class='ocr_line' id='line_1_37' title="bbox 210 3341 1269 3412; baseline 0 -16"><span class='ocrx_word' id='word_1_314' title='bbox 210 3347 313 3396; x_wconf 86' lang='lat' dir='ltr'><strong>netem</strong></span> <span class='ocrx_word' id='word_1_315' title='bbox 325 3347 378 3396; x_wconf 90' lang='lat' dir='ltr'><strong>aet</strong></span> <span class='ocrx_word' id='word_1_316' title='bbox 390 3345 545 3397; x_wconf 82' lang='lat' dir='ltr'><strong>verboram</strong></span> <span class='ocrx_word' id='word_1_317' title='bbox 556 3345 705 3412; x_wconf 76' lang='lat' dir='ltr'><strong>pravitate</strong></span> <span class='ocrx_word' id='word_1_318' title='bbox 717 3345 771 3396; x_wconf 88' lang='lat' dir='ltr'><strong>aet</strong></span> <span class='ocrx_word' id='word_1_319' title='bbox 783 3341 998 3395; x_wconf 83' lang='lat' dir='ltr'><strong>sententiarum</strong></span> <span class='ocrx_word' id='word_1_320' title='bbox 1004 3375 1016 3412; x_wconf 88' lang='lat'><em>‚</em></span> <span class='ocrx_word' id='word_1_321' title='bbox 1038 3355 1095 3410; x_wconf 78' lang='lat' dir='ltr'><strong>quo</strong></span> <span class='ocrx_word' id='word_1_322' title='bbox 1109 3342 1269 3410; x_wconf 68' lang='grc'><strong>1111111111</strong></span> 
     </span>
     <span class='ocr_line' id='line_1_38' title="bbox 210 3415 657 3468; baseline -0.018 0"><span class='ocrx_word' id='word_1_323' title='bbox 210 3416 287 3468; x_wconf 80' lang='lat' dir='ltr'><strong>esset</strong></span> <span class='ocrx_word' id='word_1_324' title='bbox 301 3415 415 3467; x_wconf 77' lang='lat' dir='ltr'><strong>elatius.</strong></span> <span class='ocrx_word' id='word_1_325' title='bbox 655 3438 657 3447; x_wconf 43' lang='grc' dir='ltr'><strong><em>ι</em></strong></span> 
     </span>
    </p>
   </div>
   <div class='ocr_carea' id='block_1_4' title="bbox 174 3559 1267 4255">
    <p class='ocr_par' dir='ltr' id='par_1_6' title="bbox 174 3559 1267 4191">
     <span class='ocr_line' id='line_1_39' title="bbox 226 3559 1267 3634; baseline 0 -13"><span class='ocrx_word' id='word_1_326' title='bbox 226 3567 365 3632; x_wconf 84' lang='lat' dir='ltr'><strong>[dedci-</strong></span> <span class='ocrx_word' id='word_1_327' title='bbox 379 3569 519 3630; x_wconf 84' lang='lat' dir='ltr'><strong>laborare]</strong></span> <span class='ocrx_word' id='word_1_328' title='bbox 550 3571 698 3634; x_wconf 77' lang='lat' dir='ltr'><strong>Utrumque</strong></span> <span class='ocrx_word' id='word_1_329' title='bbox 742 3567 794 3634; x_wconf 79' lang='lat' dir='ltr'><strong>te,</strong></span> <span class='ocrx_word' id='word_1_330' title='bbox 812 3567 873 3618; x_wconf 85' lang='lat'><strong>²10.</strong></span> <span class='ocrx_word' id='word_1_331' title='bbox 890 3563 1042 3618; x_wconf 79' lang='lat' dir='ltr'><strong>admodum</strong></span> <span class='ocrx_word' id='word_1_332' title='bbox 1053 3559 1134 3617; x_wconf 80' lang='lat' dir='ltr'><strong>nihii.</strong></span> <span class='ocrx_word' id='word_1_333' title='bbox 1163 3567 1267 3630; x_wconf 80' lang='lat' dir='ltr'><strong>quoio-</strong></span> 
     </span>
     <span class='ocr_line' id='line_1_40' title="bbox 175 3630 1236 3703; baseline -0.008 -10"><span class='ocrx_word' id='word_1_334' title='bbox 175 3638 700 3703; x_wconf 75' lang='lat' dir='ltr'><strong>cutndcvooedicereturlqucmmiliud</strong></span> <span class='ocrx_word' id='word_1_335' title='bbox 741 3651 773 3687; x_wconf 93' lang='lat' dir='ltr'><strong>co</strong></span> <span class='ocrx_word' id='word_1_336' title='bbox 787 3638 929 3686; x_wconf 76' lang='lat' dir='ltr'><strong>formulam</strong></span> <span class='ocrx_word' id='word_1_337' title='bbox 942 3637 1069 3698; x_wconf 83' lang='lat' dir='ltr'><strong>explicui.</strong></span> <span class='ocrx_word' id='word_1_338' title='bbox 1191 3640 1196 3647; x_wconf 86' lang='lat'>&#39;</span> <span class='ocrx_word' id='word_1_339' title='bbox 1223 3630 1236 3649; x_wconf 74' lang='lat'><strong>&#39;¹</strong></span> 
     </span>
     <span class='ocr_line' id='line_1_41' title="bbox 174 3702 1267 3774; baseline -0.004 -14"><span class='ocrx_word' id='word_1_340' title='bbox 174 3710 253 3767; x_wconf 83' lang='lat' dir='ltr'><strong>nohis</strong></span> <span class='ocrx_word' id='word_1_341' title='bbox 276 3717 319 3760; x_wconf 86' lang='lat' dir='ltr'><strong>est</strong></span> <span class='ocrx_word' id='word_1_342' title='bbox 341 3709 397 3759; x_wconf 83' lang='lat' dir='ltr'><strong>dan</strong></span> <span class='ocrx_word' id='word_1_343' title='bbox 416 3709 518 3760; x_wconf 84' lang='lat' dir='ltr'><strong>Athem</strong></span> <span class='ocrx_word' id='word_1_344' title='bbox 541 3711 698 3774; x_wconf 70' lang='lat' dir='ltr'><strong>nordanae,</strong></span> <span class='ocrx_word' id='word_1_345' title='bbox 795 3702 838 3756; x_wconf 80' lang='lat'><strong>36.</strong></span> <span class='ocrx_word' id='word_1_346' title='bbox 891 3706 1041 3765; x_wconf 84' lang='lat' dir='ltr'><strong>Demades]</strong></span> <span class='ocrx_word' id='word_1_347' title='bbox 1067 3703 1267 3764; x_wconf 74' lang='lat' dir='ltr'><strong>¹Quintilianus</strong></span> 
     </span>
     <span class='ocr_line' id='line_1_42' title="bbox 175 3773 1266 3843; baseline -0.007 -12"><span class='ocrx_word' id='word_1_348' title='bbox 175 3783 293 3833; x_wconf 87' lang='lat' dir='ltr'><strong>aiterum</strong></span> <span class='ocrx_word' id='word_1_349' title='bbox 308 3778 458 3843; x_wconf 76' lang='lat' dir='ltr'><strong>storeae),</strong></span> <span class='ocrx_word' id='word_1_350' title='bbox 484 3779 578 3841; x_wconf 86' lang='lat' dir='ltr'><strong>deinde</strong></span> <span class='ocrx_word' id='word_1_351' title='bbox 593 3779 619 3827; x_wconf 92' lang='lat' dir='ltr'><strong>id</strong></span> <span class='ocrx_word' id='word_1_352' title='bbox 633 3791 698 3827; x_wconf 88' lang='lat' dir='ltr'><strong>coe·</strong></span> <span class='ocrx_word' id='word_1_353' title='bbox 741 3785 846 3840; x_wconf 85' lang='lat' dir='ltr'><strong>quoque</strong></span> <span class='ocrx_word' id='word_1_354' title='bbox 867 3775 933 3824; x_wconf 87' lang='lat' dir='ltr'><strong>nihii</strong></span> <span class='ocrx_word' id='word_1_355' title='bbox 954 3773 1091 3826; x_wconf 85' lang='lat' dir='ltr'><strong>Demaden</strong></span> <span class='ocrx_word' id='word_1_356' title='bbox 1117 3774 1266 3837; x_wconf 84' lang='lat' dir='ltr'><strong>reliquisse</strong></span> 
     </span>
     <span class='ocr_line' id='line_1_43' title="bbox 175 3843 1265 3913; baseline -0.005 -14"><span class='ocrx_word' id='word_1_357' title='bbox 175 3857 252 3913; x_wconf 85' lang='lat' dir='ltr'><strong>ptum</strong></span> <span class='ocrx_word' id='word_1_358' title='bbox 274 3856 318 3897; x_wconf 86' lang='lat' dir='ltr'><strong>est</strong></span> <span class='ocrx_word' id='word_1_359' title='bbox 341 3849 376 3898; x_wconf 88' lang='lat' dir='ltr'><strong>ad</strong></span> <span class='ocrx_word' id='word_1_360' title='bbox 398 3844 545 3897; x_wconf 86' lang='lat' dir='ltr'><strong>orationem</strong></span> <span class='ocrx_word' id='word_1_361' title='bbox 570 3847 698 3906; x_wconf 82' lang='lat' dir='ltr'><strong>scriptam</strong></span> <span class='ocrx_word' id='word_1_362' title='bbox 741 3849 891 3895; x_wconf 82' lang='lat' dir='ltr'><strong>litterarum</strong></span> <span class='ocrx_word' id='word_1_363' title='bbox 903 3844 969 3893; x_wconf 87' lang='lat' dir='ltr'><strong>dicit</strong></span> <span class='ocrx_word' id='word_1_364' title='bbox 997 3843 1042 3909; x_wconf 90' lang='lat'><strong>11,</strong></span> <span class='ocrx_word' id='word_1_365' title='bbox 1062 3843 1095 3892; x_wconf 93' lang='grc'><strong>17</strong></span> <span class='ocrx_word' id='word_1_366' title='bbox 1103 3877 1111 3908; x_wconf 84' lang='grc'><strong>,</strong></span> <span class='ocrx_word' id='word_1_367' title='bbox 1129 3845 1171 3892; x_wconf 85' lang='grc'><strong>13.</strong></span> <span class='ocrx_word' id='word_1_368' title='bbox 1197 3844 1265 3910; x_wconf 83' lang='lat' dir='ltr'><strong>xli,</strong></span> 
     </span>
     <span class='ocr_line' id='line_1_44' title="bbox 175 3912 1265 3981; baseline -0.002 -15"><span class='ocrx_word' id='word_1_369' title='bbox 175 3916 329 3979; x_wconf 74' lang='lat' dir='ltr'><strong>transferri.</strong></span> <span class='ocrx_word' id='word_1_370' title='bbox 364 3917 400 3966; x_wconf 87' lang='lat' dir='ltr'><strong>Ut</strong></span> <span class='ocrx_word' id='word_1_371' title='bbox 412 3916 593 3976; x_wconf 78' lang='lat' dir='ltr'><strong>Quintilianus</strong></span> <span class='ocrx_word' id='word_1_372' title='bbox 607 3916 656 3979; x_wconf 76' lang='lat' dir='ltr'><strong>lx,</strong></span> <span class='ocrx_word' id='word_1_373' title='bbox 670 3913 698 3978; x_wconf 79' lang='lat'><strong>4,</strong></span> <span class='ocrx_word' id='word_1_374' title='bbox 739 3912 784 3981; x_wconf 88' lang='grc'><strong>10,</strong></span> <span class='ocrx_word' id='word_1_375' title='bbox 798 3913 844 3964; x_wconf 79' lang='grc'><strong>49.</strong></span> <span class='ocrx_word' id='word_1_376' title='bbox 868 3914 962 3975; x_wconf 84' lang='lat' dir='ltr'><strong>Neque</strong></span> <span class='ocrx_word' id='word_1_377' title='bbox 973 3919 1116 3975; x_wconf 82' lang='lat' dir='ltr'><strong>repugnat,</strong></span> <span class='ocrx_word' id='word_1_378' title='bbox 1135 3915 1205 3973; x_wconf 85' lang='lat' dir='ltr'><strong>quod</strong></span> <span class='ocrx_word' id='word_1_379' title='bbox 1216 3914 1265 3964; x_wconf 89' lang='lat' dir='ltr'><strong>ho-</strong></span> 
     </span>
     <span class='ocr_line' id='line_1_45' title="bbox 175 3982 1266 4045; baseline -0.003 -8"><span class='ocrx_word' id='word_1_380' title='bbox 175 3990 220 4037; x_wconf 77' lang='grc'><strong>33.</strong></span> <span class='ocrx_word' id='word_1_381' title='bbox 242 3988 367 4039; x_wconf 85' lang='lat' dir='ltr'><strong>accidere</strong></span> <span class='ocrx_word' id='word_1_382' title='bbox 385 3993 489 4043; x_wconf 88' lang='lat' dir='ltr'><strong>monet,</strong></span> <span class='ocrx_word' id='word_1_383' title='bbox 511 3993 542 4036; x_wconf 90' lang='lat' dir='ltr'><strong>ut</strong></span> <span class='ocrx_word' id='word_1_384' title='bbox 563 3996 696 4034; x_wconf 88' lang='lat' dir='ltr'><strong>concursu</strong></span> <span class='ocrx_word' id='word_1_385' title='bbox 740 3985 836 4045; x_wconf 86' lang='lat' dir='ltr'><strong>dieque</strong></span> <span class='ocrx_word' id='word_1_386' title='bbox 847 3984 1027 4045; x_wconf 80' lang='lat' dir='ltr'><strong>fragmentum</strong></span> <span class='ocrx_word' id='word_1_387' title='bbox 1040 3982 1171 4031; x_wconf 87' lang='lat' dir='ltr'><strong>orationis</strong></span> <span class='ocrx_word' id='word_1_388' title='bbox 1185 3989 1266 4034; x_wconf 84' lang='lat' dir='ltr'><strong>exta-</strong></span> 
     </span>
     <span class='ocr_line' id='line_1_46' title="bbox 175 4051 1266 4121; baseline -0.002 -19"><span class='ocrx_word' id='word_1_389' title='bbox 175 4059 313 4107; x_wconf 81' lang='lat' dir='ltr'><strong>vocalium</strong></span> <span class='ocrx_word' id='word_1_390' title='bbox 322 4054 696 4121; x_wconf 82' lang='lat' dir='ltr'><strong>hietatqeesilahoretscr-</strong></span> <span class='ocrx_word' id='word_1_391' title='bbox 739 4065 771 4102; x_wconf 90' lang='lat' dir='ltr'><strong>re</strong></span> <span class='ocrx_word' id='word_1_392' title='bbox 793 4053 894 4101; x_wconf 77' lang='lat' dir='ltr'><strong>fertur:</strong></span> <span class='ocrx_word' id='word_1_393' title='bbox 923 4051 977 4102; x_wconf 80' lang='lat' dir='ltr'><strong>etsi</strong></span> <span class='ocrx_word' id='word_1_394' title='bbox 996 4051 1143 4100; x_wconf 83' lang='lat' dir='ltr'><strong>detendunt</strong></span> <span class='ocrx_word' id='word_1_395' title='bbox 1162 4052 1266 4115; x_wconf 79' lang='lat' dir='ltr'><strong>Speng.</strong></span> 
     </span>
     <span class='ocr_line' id='line_1_47' title="bbox 174 4116 1265 4191; baseline -0.005 -16"><span class='ocrx_word' id='word_1_396' title='bbox 174 4136 234 4191; x_wconf 85' lang='lat' dir='ltr'><strong>mc,</strong></span> <span class='ocrx_word' id='word_1_397' title='bbox 250 4125 384 4175; x_wconf 82' lang='lat' dir='ltr'><strong>nonsatis</strong></span> <span class='ocrx_word' id='word_1_398' title='bbox 398 4137 539 4175; x_wconf 79' lang='lat' dir='ltr'><strong>ntrmeroac</strong></span> <span class='ocrx_word' id='word_1_399' title='bbox 554 4125 678 4180; x_wconf 74' lang='lat' dir='ltr'><strong>cadens]</strong></span> <span class='ocrx_word' id='word_1_400' title='bbox 739 4122 809 4170; x_wconf 82' lang='lat' dir='ltr'><strong>Artt.</strong></span> <span class='ocrx_word' id='word_1_401' title='bbox 824 4121 933 4183; x_wconf 78' lang='lat' dir='ltr'><strong>scripit.</strong></span> <span class='ocrx_word' id='word_1_402' title='bbox 950 4134 977 4182; x_wconf 85' lang='lat' dir='ltr'><strong>p.</strong></span> <span class='ocrx_word' id='word_1_403' title='bbox 992 4116 1053 4170; x_wconf 76' lang='lat'><strong>154.</strong></span> <span class='ocrx_word' id='word_1_404' title='bbox 1071 4126 1099 4168; x_wconf 88' lang='lat' dir='ltr'><strong>et</strong></span> <span class='ocrx_word' id='word_1_405' title='bbox 1112 4124 1142 4168; x_wconf 93' lang='lat' dir='ltr'><strong>nt</strong></span> <span class='ocrx_word' id='word_1_406' title='bbox 1155 4121 1265 4172; x_wconf 81' lang='lat' dir='ltr'><strong>videtur</strong></span> 
     </span>
    </p>

    <p class='ocr_par' dir='ltr' id='par_1_7' title="bbox 227 4187 1263 4255">
     <span class='ocr_line' id='line_1_48' title="bbox 227 4187 1263 4255; baseline -0.007 -9"><span class='ocrx_word' id='word_1_407' title='bbox 227 4193 258 4246; x_wconf 79' lang='lat' dir='ltr'><strong>C·</strong></span> <span class='ocrx_word' id='word_1_408' title='bbox 271 4196 298 4245; x_wconf 88' lang='grc'><strong>9.</strong></span> <span class='ocrx_word' id='word_1_409' title='bbox 311 4193 355 4247; x_wconf 80' lang='grc'><strong>35.</strong></span> <span class='ocrx_word' id='word_1_410' title='bbox 388 4195 455 4246; x_wconf 82' lang='lat' dir='ltr'><strong>nihii</strong></span> <span class='ocrx_word' id='word_1_411' title='bbox 478 4195 632 4253; x_wconf 83' lang='lat' dir='ltr'><strong>admodum]</strong></span> <span class='ocrx_word' id='word_1_412' title='bbox 664 4189 695 4243; x_wconf 80' lang='lat' dir='ltr'><strong>(i.</strong></span> <span class='ocrx_word' id='word_1_413' title='bbox 738 4191 915 4244; x_wconf 78' lang='lat' dir='ltr'><strong>Bathnkcnius</strong></span> <span class='ocrx_word' id='word_1_414' title='bbox 930 4187 1173 4242; x_wconf 74' lang='grc'><strong>1111101110111.</strong></span> <span class='ocrx_word' id='word_1_415' title='bbox 1185 4191 1263 4255; x_wconf 75' lang='grc'><strong>[171.</strong></span> 
     </span>
    </p>
   </div>
   <div class='ocr_carea' id='block_1_5' title="bbox 0 0 1342 4748">
    <p class='ocr_par' dir='ltr' id='par_1_8' title="bbox 0 0 1342 4748">
     <span class='ocr_line' id='line_1_49' title="bbox 0 0 1342 4748; baseline 0 3"><span class='ocrx_word' id='word_1_416' title='bbox 0 0 1342 4748; x_wconf 95' lang='lat' dir='ltr'><strong> </strong></span> 
     </span>
    </p>
   </div>
  </div>
 </body>
</html>
