2676 4748
168 312 241 387 aaa
373 286 467 339 Ψ
592 306 837 397 saurus

166 502 245 574 iiiii.
285 492 497 570 XXXVIII.
525 492 692 565 Sericum
711 496 794 563 baec
814 512 940 585 inagna¹
955 495 991 565 in
1009 496 1259 567 Ariouistum

166 592 261 661 estio
283 586 485 675 singularia:
512 606 599 672 quoe
619 586 651 652 si
673 585 853 674 partienda
873 594 927 653 est
948 587 982 653 in
1002 595 1134 673 gestum
1158 594 1261 676 atque

170 700 304 758 woem,
325 682 443 764 gestus
457 681 532 740 orat
545 695 611 739 non
622 674 725 741 verba
738 676 941 762 exprimens,
962 677 1024 741 aad
1038 698 1113 740 cnm
1125 684 1262 757 scamp-

170 766 231 835 tiis·
252 785 456 850 congruens,
478 782 616 845 manus,
637 762 788 843 humari,
807 764 937 842 latero,
958 785 998 827 au
1025 761 1261 851 pinsionariis,

169 860 297 936 aiatus,
317 855 476 919 mucosus·
492 851 667 936 omniaque
684 858 813 933 motum
836 852 928 935 [cnm
943 786 1056 917 verIis
1066 850 1261 916 sententiis-

166 954 238 1033 que
251 938 480 1025 consentiens]
498 959 560 1005 vox
575 960 791 1026 permanens,
813 958 930 1007 varum
944 939 1112 1005 subrauca
1124 942 1261 1007 natura.

166 1150 180 1164 ..
221 1118 275 1173 .c.
292 1119 336 1173 88.
371 1129 433 1168 cnm
453 1114 549 1166 verbis
573 1113 780 1178 sententiisque]
804 1114 968 1167 Scbitzinsr
991 1116 1045 1170 llio
1061 1113 1213 1167 distributio
1231 1114 1261 1168 in

167 1240 172 1251 ,
202 1189 317 1255 ,sarbia
336 1200 456 1253 mnus,
472 1185 604 1251 numeri,
619 1187 733 1252 lutere,
751 1188 894 1251 supplosio
908 1187 1012 1251 ’pedts,
1036 1188 1150 1253 stolus,
1165 1185 1262 1237 incer-

206 1274 258 1311 aus
290 1260 437 1322 omnisque
449 1258 544 1307 noctiis
558 1266 623 1306 curn
636 1256 718 1305 relus
730 1256 938 1322 sententiisque
954 1256 1150 1318 consentiens,
1166 1256 1262 1306 nescio

168 1324 183 1359 θ’
205 1293 274 1395 uuiti
287 1327 395 1379 molesti
414 1327 503 1375 babet.
537 1326 622 1375 Nemo
639 1337 707 1375 sane
724 1325 773 1375 illa
787 1323 968 1390 desideraret,
986 1324 1010 1375 si
1024 1326 1081 1375 iilis
1094 1324 1204 1375 omissis
1217 1325 1262 1374 le-

167 1388 195 1437 ·-'
206 1404 334 1463 geretur:
357 1397 458 1463 pestus
477 1395 545 1446 erut
563 1407 622 1445 non
640 1393 729 1445 cerba
747 1394 932 1460 reprimens,
956 1394 1008 1445 aed
1025 1406 1091 1445 cum
1105 1394 1262 1446 seutmtiis

170 1504 176 1527 ,
191 1478 367 1534 -conpruens
374 1479 386 1523 ,·
400 1478 459 1515 uec
474 1475 667 1530 permanens,
685 1475 787 1515 uerum
801 1465 945 1515 subrauca
956 1466 1075 1515 sutura.
1098 1464 1262 1529 ascenden

204 1536 323 1599 itemque
339 1539 464 1585 Moscrus
477 1537 513 1587 ad
528 1534 652 1585 fraudem
664 1532 880 1594 interpolantium
896 1535 1035 1585 referebat
1050 1535 1177 1586 iliacum
1189 1544 1263 1585 oer-

165 1602 173 1611 '
204 1606 248 1658 bis
261 1604 470 1669 sententiisque
487 1602 676 1654 consentiens.
710 1602 760 1652 ud.
778 1616 820 1665 pr.
836 1616 897 1654 cum
914 1602 990 1653 codd.
1004 1615 1069 1653 cnm
1085 1602 1180 1654 certia
1192 1600 1262 1655 aen-

204 1676 363 1741 leniiisque
379 1674 576 1741 consentiens,
592 1685 652 1725 coc
668 1682 851 1735 permanens.
884 1670 982 1721 Omisit
998 1672 1179 1725 consentiens
1193 1676 1261 1724 Aac.

117 1750 120 1757 ’
164 1748 285 1811 ·-:,sola‚
301 1757 382 1808 quam
398 1743 439 1793 ita
455 1751 566 1793 secutus
583 1749 627 1791 est
637 1742 771 1804 Orellins,
787 1742 973 1805 utinngeret:
992 1756 1059 1793 cum
1074 1742 1173 1794 serbis
1191 1756 1261 1794 seu·

205 1816 365 1879 tentiispue
380 1826 439 1862 ocor
453 1823 626 1877 permanens
634 1822 645 1867 3
658 1824 721 1863 narn
739 1812 823 1876 probe
841 1812 926 1860 sensit
939 1814 1007 1863 baec
1019 1826 1080 1861 cnm
1093 1815 1262 1875 praeceden-

164 1910 184 1941 -ς-
199 1886 282 1935 cibus
304 1884 359 1933 vin¹
377 1882 499 1933 construi
522 1894 611 1944 posse.
645 1882 762 1940 [saltem
786 1881 815 1931 in
836 1880 986 1942 posteriore
1009 1889 1087 1943 parte
1108 1882 1261 1933 sebirtsina

205 1953 369 2015 audiendus,
393 1951 439 2013 qni
461 1951 596 2004 damnarit
618 1950 826 2011 explicationem
847 1963 930 2000 serien
952 1950 1059 2013 quidem
1084 1963 1211 2016 cassam,
1235 1950 1261 2001 si

166 2036 187 2071 .·
206 2036 269 2074 cum
291 2020 448 2071 novissimis
475 2021 629 2085 copuletur,
662 2020 705 2069 sin
732 2028 824 2071 autem
846 2020 881 2071 ad
905 2021 1040 2072 actionem
1059 2033 1094 2071 ea
1110 2018 1261 2082 reficiatur,

165 2130 171 2139 .
206 2091 324 2155 turpiter
339 2089 544 2147 claudicantem.
579 2090 637 2141 Nos
656 2087 734 2141 uncis
750 2087 928 2149 notavimus]

164 2262 255 2317 unam
272 2246 369 2300 cicero
391 2254 491 2298 testem
514 2246 570 2299 edit
595 2246 697 2311 prima·
739 2246 787 2300 liic
811 2248 903 2301 eerbu
928 2244 1260 2315 aspernamentum,
1322 2274 1325 2279 «

111 2338 117 2344 ·
165 2321 260 2387 rium,
288 2317 418 2379 e'xcmplis
439 2318 577 2369 luculente
596 2319 697 2367 contir-
739 2320 791 2371 sed
812 2320 981 2370 uniuersum
1003 2331 1067 2369 rem
1090 2318 1120 2368 et
1141 2320 1262 2389 senien-

165 2397 246 2450 aaet,
276 2394 305 2438 et
334 2388 432 2450 prioris
464 2388 571 2449 quidem
601 2387 696 2439 tit-ulos
739 2389 812 2441 tium
834 2402 892 2439 non
916 2387 1180 2455 demonstratione,
1208 2388 1262 2440 aed

166 2457 268 2513 ΜΠ.
301 2464 470 2520 persecutns.
519 2458 697 2517 Quamobrem
738 2457 1121 2525 slpnilioutionedecluruns.
1138 2460 1261 2520 Aspau-

165 2528 247 2579 ·eatis
273 2526 398 2587 speciose
423 2525 560 2591 possimus
584 2527 696 2591 tingere,
740 2529 780 2578 cis
794 2527 1193 2578 interiectiszfflunusunlem
1206 2528 1263 2577 mi·

165 2600 262 2662 »getius
278 2596 346 2646 iilud
363 2597 545 2658 schematum,
577 2598 646 2657 quod
667 2597 697 2645 in
738 2611 794 2648 uus
813 2598 940 2664 urnula,
971 2598 1072 2663 cipitia
1087 2596 1262 2662 sensarum

174 2665 357 2729 exprimendis
375 2665 501 2714 sensium
514 2673 541 2713 ct
554 2664 696 2714 affectibus
738 2666 843 2730 undu,
861 2680 920 2715 non
935 2668 1113 2732 exprimens.
1142 2666 1195 2716 liis
1211 2668 1262 2718 ab·

165 2730 318 2797 ¹versetur,
341 2735 477 2795 multoque
497 2733 625 2783 maiorem
640 2735 697 2783 vim
739 2750 807 2787 osus
823 2737 1001 2802 Wetnetins‚
1030 2735 1108 2800 qtrosi
1133 2735 1180 2799 qui
1203 2749 1263 2790 rem

167 2814 213 2855 et·
226 2802 410 2867 probationem
430 2802 528 2853 aderat
550 2814 630 2864 qttam
652 2802 697 2851 in·
739 2805 908 2856 histrioniam
920 2804 1030 2866 proram
1041 2808 1187 2873 ignoraret,
1203 2809 1263 2857 An-

174 2872 697 2939 geniosaiormnlarnmmutatiogram
740 2875 841 2925 tunium
868 2874 1031 2936 opinabatur
1054 2886 1108 2924 non
1132 2882 1263 2937 perpetuo

167 2934 278 2996 matic'a
294 2942 339 2991 vel
353 2941 502 3005 rhetorica,
520 2942 619 2991 Nostro
635 2948 697 2991 tan·
739 2950 834 3008 gestus
859 2943 1025 3008 subiecisse,
1055 2945 1105 2994 sed
1132 2956 1194 2994 oum
1218 2946 1264 2996 iu-

175 3015 198 3064 ti
214 3013 305 3062 visum
321 3009 425 3075 tuisse,
442 3019 474 3060 nt
488 3010 567 3058 unice
585 3011 612 3060 in
630 3022 696 3059 cen·
740 3013 811 3064 dicio
835 3013 949 3076 singulis
974 3026 1021 3064 eos
1048 3013 1189 3064 sententiis
1214 3026 1264 3066 ec-

167 3084 237 3133 'snm
254 3082 378 3133 referret.
403 3079 446 3130 Gi.
464 3078 575 3140 Quintil.
594 3078 652 3143 lx,
671 3082 697 3145 1,
740 3084 935 3133 commodasse.
965 3084 1160 3134 Verumtamen
1176 3084 1263 3134 abun-

166 3154 221 3205 ‘toz
240 3164 298 3212 sqq.
332 3150 387 3200 Sed
409 3150 494 3200 talem
515 3148 698 3198 coniecturam
740 3154 774 3202 de
787 3161 898 3202 veteres
917 3154 1066 3219 declarant,
1083 3153 1147 3215 quid
1160 3148 1263 3203 scenici

175 3220 293 3271 revincit
310 3219 388 3268 loona
406 3219 530 3281 superior
545 3229 570 3265 c.
587 3219 698 3269 inex·
740 3229 829 3271 motus
858 3223 894 3271 ab
918 3222 1045 3271 oratoriis
1073 3222 1263 3283 discreparint.

176 3288 270 3353 nemi,
293 3288 394 3337 docens
411 3288 459 3338 ilie
475 3281 601 3352 σχήματα
618 3286 698 3336 Cice·
741 3292 811 3341 Nam
836 3297 866 3340 ut
890 3291 1068 3341 histrionibus
1091 3292 1203 3340 multum
1227 3291 1264 3340 li-

176 3370 269 3409 ronem
287 3356 456 3409 intellexisse
473 3357 506 3407 de
523 3356 590 3407 solis
603 3356 699 3420 figuris
742 3360 849 3410 centioe
879 3360 1068 3424 lasciviaeque
1094 3354 1264 3411 concedeba-

166 3420 324 3484 innatas]
742 3438 802 3493 tnr,
827 3440 879 3490 quo
902 3430 1003 3480 turtius
1026 3436 1073 3481 aut
1092 3422 1219 3478 valerent
1235 3429 1265 3479 in

232 3494 262 3545 C.
275 3493 319 3543 38.
343 3492 428 3554 [actio
440 3491 601 3557 singularis]
620 3493 699 3546 iionc
742 3498 884 3550 affectibus
901 3499 1041 3549 movendis
1058 3504 1105 3549 aut
1120 3498 1265 3549 favorabi-

176 3562 207 3615 in
219 3562 412 3613 Antoniorum
429 3563 526 3615 iterum
543 3578 567 3613 c.
581 3564 625 3633 59,
637 3564 699 3616 215.
742 3569 826 3620 liores
843 3568 1000 3619 viderentur
1025 3569 1072 3617 vei
1088 3564 1158 3617 locis
1175 3581 1265 3633 quao-

167 3632 276 3685 -Gicero
301 3631 452 3681 celebravit
481 3635 606 3696 (repetiit
631 3646 699 3684 vero
743 3635 852 3688 tumris
866 3636 968 3689 vilibus
985 3632 1101 3703 'gratim
1113 3634 1265 3690 indemne:

178 3700 450 3766 Qumtil.x1,3,8.),
468 3707 524 3752 tum
538 3704 618 3763 paulo
632 3716 700 3754 coa·
741 3708 783 3759 ita
800 3707 900 3773 pudor,
922 3707 1071 3772 modestia,
1095 3707 1215 3769 dignitas
1236 3707 1266 3757 in

166 3771 323 3833 :tentionem
347 3781 408 3821 eam
430 3769 519 3819 tuisse
536 3785 615 3833 quam
631 3774 700 3823 artis
743 3783 880 3828 oratorum
890 3778 995 3829 actione
1004 3776 1201 3843 requirebatur,
1213 3790 1266 3827 neo

166 3842 300 3897 ‚ruiense
317 3839 498 3889 concederent
519 3837 588 3889 idem
606 3848 701 3892 osten·
743 3847 858 3897 debebat
869 3860 904 3898 ea
921 3862 972 3913 per
992 3848 1050 3901 iras
1068 3847 1267 3897 contentionum

166 3911 222 3965 ntit
237 3907 370 3971 exemplis
388 3907 503 3970 prolatis
519 3909 553 3959 de
571 3911 646 3962 Orat.
661 3912 700 3977 11,
744 3916 913 3967 ambitiosius
930 3930 994 3966 sese
1010 3916 1124 3966 iactare.
1154 3914 1267 3966 caelius

169 3977 272 4049 fluet
285 3981 366 4029 nuuc.
382 3976 427 4045 11,
444 3972 502 4035 24]
744 3983 828 4048 igitur
850 3986 924 4051 apud
945 3984 1057 4046 Quintil.
1084 3985 1141 4044 xl,
1165 3986 1197 4052 l,
1220 3984 1265 4036 ti.

166 4082 170 4089 .
233 4050 301 4109 [non
317 4047 630 4107 verba-congruens]
659 4049 701 4099 iio
744 4053 854 4105 veniam
892 4064 1075 4118 precaturus:
1128 4052 1176 4107 Ne
1217 4052 1267 4103 eui

180 4114 389 4179 omnibuis.
422 4114 526 4166 omues
540 4118 637 4167 antem
650 4118 702 4168 los
745 4125 893 4191 cestrum,
927 4123 1028 4188 inquit,
1059 4125 1148 4189 utque
1179 4122 1268 4173 eitum

108 4226 119 4237 .
180 4183 702 4255 nwiuaaubsequidebetpeslus,ncn
744 4191 872 4246 omniun
898 4193 948 4260 qui
970 4193 1009 4245 ad
1037 4205 1104 4246 rem
1125 4192 1269 4260 cumdum
