2676 4748
352 1140 402 1211 Μ.
428 1135 628 1208 TULLII
658 1134 962 1208 CICERONIS
986 1138 988 1143 ’

264 1299 1053 1417 BRUTUS.

557 1521 753 1543 uua-'¹¹-

119 1710 251 1808 Brutus]
274 1745 325 1799 iiic
339 1747 409 1802 liber
422 1759 456 1798 eo
472 1743 578 1797 nomine
591 1757 651 1796 eum
662 1741 692 1797 in
704 1742 840 1796 codicibus
851 1743 999 1809 inscriptus
1013 1754 1073 1813 esc,
1098 1753 1156 1799 tum
1167 1749 1202 1801 ab

118 1817 181 1880 ipso
207 1815 336 1869 Cicerone
367 1820 415 1877 (de
436 1817 555 1868 Divinat
577 1816 689 1880 11,1.)
715 1823 743 1864 et
761 1827 779 1866 a
797 1815 895 1865 ceteris
914 1815 1105 1884 scriptoribus,
1136 1826 1166 1867 ut
1184 1831 1205 1870 a

121 1886 304 1955 Quintiliano,
329 1889 438 1952 Tacito,
455 1885 616 1949 Macrobio,
643 1883 783 1967 charisio,
803 1884 945 1967 Diomede,
964 1887 1060 1936 Rufino
1081 1852 1203 1938 a'itertur.

120 1957 192 2007 Nam
204 1957 306 2022 altera
324 1970 393 2020 quae
405 1956 564 2006 editionibus
577 1950 657 2004 adiici
672 1955 741 2003 solet
748 1954 915 2021 ,inscriptio
928 1955 971 2004 lle
985 1954 1080 2006 Olaris
1095 1958 1203 2007 Orata·

120 2010 204 2076 ribus
219 2024 358 2076 Ciceronis
372 2032 488 2075 nonest.
522 2025 616 2072 Eidem
628 2025 665 2073 M.
680 2024 755 2073 lunio
768 2024 849 2073 Bruto
862 2025 955 2085 plures
966 2024 1029 2074 libri
1044 2039 1063 2076 a
1075 2025 1205 2075 Cicerone

122 2101 188 2144 suut
205 2094 346 2160 inscripti,
371 2097 448 2143 velut
468 2093 645 2160 Paradoua,
668 2094 711 2143 De
730 2090 832 2158 finibus
849 2092 1032 2145 bonorumet
1049 2097 1206 2161 aratorum,

121 2165 166 2215 De
178 2165 289 2215 natura
300 2166 440 2230 aeorum,
457 2164 634 2213 Tusculanae
649 2162 870 2244 disputationes,
889 2162 1008 2214 orator.
1042 2166 1110 2214 lium
1123 2178 1205 2226 prae-

121 2235 215 2282 dicare
232 2236 300 2288 solet
315 2235 440 2313 ingenio,
462 2233 554 2297 fama,
575 2232 697 2280 litteris
689 2246 717 2280 ιιι
730 2232 813 2281 iuven
815 2239 871 2280 tute
888 2234 1008 2283 Romana
1021 2234 1137 2284 maxime
1153 2236 1205 2283 do·

122 2309 243 2367 rentem,
261 2303 423 2384 praesertim
438 2315 497 2352 cum
509 2302 570 2350 inde
583 2296 617 2351 ab
630 2312 699 2350 auno
712 2303 745 2350 U.
759 2300 789 2351 (i
803 2302 865 2352 700.
881 2298 938 2360 (ot
950 2315 975 2353 a.
990 2302 1066 2362 Clu.)
1084 2302 1206 2354 familia-

59 2382 65 2388 ·
122 2372 205 2423 ritate
224 2371 362 2424 Ciceronis
381 2372 422 2421 uti
436 2371 587 2434 coepisset,
604 2369 663 2430 ipse
675 2383 727 2421 uno
741 2378 769 2419 et
782 2371 869 2431 vigur
870 2385 879 2418 1
894 2372 972 2420 aunis
984 2373 1086 2436 minor,
1108 2372 1206 2454 quippe

123 2451 197 2492 anno
211 2441 271 2488 009.
290 2441 363 2498 (85.)
381 2447 470 2491 natus.
505 2439 636 2499 Quamvis
650 2446 739 2488 autern
752 2440 853 2488 multae
867 2439 945 2488 huius
964 2441 1157 2490 coniunctionis
1178 2447 1208 2490 et

123 2508 336 2560 necessitudinis
355 2522 454 2560 causae
473 2513 637 2570 appareant,
659 2509 726 2558 duas
746 2514 863 2570 tanturn,
888 2520 957 2569 quae
978 2511 1122 2573 graviores
1140 2522 1206 2559 esse

124 2578 288 2642 videantur,
306 2579 348 2626 hic
361 2579 458 2629 afferre
470 2576 583 2642 placuit.
617 2577 686 2627 Nam
706 2583 734 2626 et
748 2577 892 2626 earundem
912 2583 971 2625 erat
986 2579 1122 2628 studtbsus
1141 2591 1208 2639 par-

123 2647 212 2712 tium,
237 2658 304 2708 quas
323 2647 352 2696 in
372 2649 513 2709 republica
532 2658 583 2709 per
602 2651 642 2695 tot
643 2658 686 2695 am
704 2645 790 2697 vitam
810 2643 905 2694 Cicero
924 2646 1058 2712 defendit,
1083 2646 1207 2710 idemque

123 2713 291 2769 acerrrimus
305 2717 430 2767 bonorum
444 2717 544 2765 civium
558 2723 755 2778 propugnator·
746 2750 756 2778 ,
779 2721 882 2763 etcum
894 2726 984 2766 amore
995 2715 1145 2766 litterarum
1157 2730 1208 2765 ex·
1255 2768 1258 2773 ⁴

124 2784 240 2852 calluit,
266 2791 321 2834 tum
342 2799 376 2836 ea
396 2785 559 2849 scriptorum
572 2780 923 2846 multitudineatquelaude
937 2784 1042 2852 floruit,
1065 2793 1096 2834 ut
1109 2785 1209 2836 nemini

124 2856 185 2906 fere
205 2856 386 2905 Romanorum
406 2855 519 2904 inferior
538 2861 621 2904 esset.
656 2853 803 2905 Praeterea
817 2855 911 2903 eadem
923 2861 1033 2903 secutus
1047 2861 1090 2903 est
1103 2855 1207 2906 studio-

74 2942 76 2947 *
124 2937 186 2975 rom
206 2936 322 3004 genera,
346 2937 415 2987 quae
436 2923 531 2973 Cicero
551 2930 696 2973 ιιιιιιιιιιιι
718 2937 780 2976 nam
801 2928 829 2970 et
846 2922 959 2986 insignis
974 2932 1033 2975 erat
1047 2932 1154 2992 orator,
1179 2932 1208 2975 et

124 2993 256 3069 maiorem
267 2993 349 3043 etiem
364 2993 427 3041 libri
439 2994 498 3042 eius
512 2994 545 3041 de
558 2992 725 3052 philosophia
738 2991 925 3043 auctoritatem
937 3005 1069 3045 meruere.
1104 2995 1135 3043 in
1147 2995 1209 3043 elo-

124 3052 240 3126 quentia
258 3069 348 3112 tamen
369 3063 450 3112 aliam
470 3061 576 3110 dicendi
595 3068 698 3110 sectam
718 3061 844 3143 probavit
865 3056 975 3128 Cicero,
999 3062 1080 3113 aliam
1098 3065 1207 3126 Brutus,

125 3131 173 3196 qui
184 3144 245 3180 oum
258 3144 383 3193 pressam
396 3138 423 3180 et
436 3131 577 3181 astrictam
589 3130 790 3192 compositionis
803 3130 917 3181 formam
931 3141 1104 3199 sequeretur,
1122 3133 1208 3182 omni-

126 3213 162 3250 no
176 3200 333 3250 tenuitatem
348 3203 397 3249 Αιι
375 3201 457 3250 tticae
471 3199 597 3249 dictionis
610 3207 686 3258 praet
677 3199 737 3248 tulit
751 3199 844 3258 copiae
857 3207 936 3262 atque
950 3203 1065 3251 ubertati
1080 3200 1209 3252 orationis

127 3269 286 3320 tullianae:
308 3283 337 3317 v.
353 3269 410 3320 Cic.
431 3271 465 3319 ad
480 3269 564 3318 Attio
579 3268 661 3348 XIV,
677 3269 720 3318 20.
746 3269 810 3333 XV,
829 3271 853 3317 1.
897 3269 977 3326 Quin
968 3272 1008 3320 ιι
1024 3271 1096 3337 ΧΠ,
1115 3276 1146 3334 1,
1165 3274 1208 3320 22.

127 3339 203 3388 llaec
216 3350 269 3387 non
281 3340 367 3387 solum
378 3349 495 3403 morum,
517 3336 706 3387 verumetiam
720 3337 867 3386 studiorum
882 3337 1026 3389 similitudo
1041 3348 1121 3404 atque
1135 3352 1210 3389 conr-

127 3407 218 3458 munio
239 3406 344 3471 effecit,
366 3415 396 3458 ut
416 3407 511 3456 intime
525 3405 663 3456 Ciceronis
677 3414 799 3455 uteretur
810 3406 938 3458 amicitia.
973 3408 1040 3459 Cum
1054 3419 1143 3461 autem
1157 3410 1211 3459 ini

129 3487 180 3538 quo
193 3475 349 3526 litterarum
361 3479 542 3526 Romanarum
556 3477 614 3526 fato
628 3475 729 3537 scripta
742 3472 801 3524 eius
821 3475 972 3526 interierint
993 3488 1106 3545 etrneta,
1130 3493 1147 3529 ιι
1166 3492 1211 3529 me

128 3547 274 3606 impetrare
292 3558 346 3594 non
364 3545 453 3611 potui,
478 3545 541 3608 quin
559 3544 680 3607 vestigia
699 3555 791 3592 eornm
809 3544 973 3608 indagarem.
1008 3548 1066 3598 lam
1081 3550 1114 3597 de
1130 3549 1219 3598 libris

128 3613 206 3663 Bruti
221 3615 255 3664 ad
266 3615 459 3677 philosophiam
471 3613 663 3676 pertinentibus
678 3611 793 3662 Cicero
784 3627 813 3662 ιιι
824 3616 1046 3666 Academicorum
1064 3618 1132 3667 libro
1152 3617 1210 3699 pri-

128 3694 182 3748 mo,
202 3693 282 3746 quern
295 3685 330 3734 ad
341 3686 492 3734 Varronem
505 3683 592 3746 misit,
610 3695 635 3731 o.
650 3683 676 3746 3,
695 3685 737 3732 12.
754 3682 881 3744 iudicium
893 3685 1001 3751 ferens,
1017 3688 1131 3738 Brutus
1145 3686 1212 3750 qui-

129 3754 211 3816 dem,
234 3753 335 3818 inquit,
359 3755 460 3802 noster
479 3752 622 3802 eaceileus
635 3751 712 3800 omni
722 3763 828 3817 petiere
841 3754 937 3802 laudis
949 3755 992 3803 sic
1002 3753 1211 3819 philosophiam

127 3821 244 3874 Latinis
257 3821 369 3872 litteris
381 3820 589 3886 persequitur,
608 3819 681 3870 nibil
692 3823 726 3871 ul
736 3821 837 3872 iisdem
851 3822 887 3873 le
898 3823 982 3872 rebus
995 3824 1118 3875 Graecia
1132 3825 1210 3874 aesi-

129 3891 233 3958 deret‚
257 3893 287 3941 et
302 3892 421 3942 eandem
437 3891 551 3955 quidem
565 3889 883 3957 sententiamsepuitur
897 3895 1044 3957 quamtu:
1060 3906 1126 3943 nam
1139 3893 1212 3945 Ari-

128 3961 208 4010 stum
223 3923 347 4011 ’sitlenis
363 3960 479 4029 audiuit
498 3959 693 4024 aliquamdiu,
721 3961 805 4010 cuius
823 3963 858 4012 tu
871 3961 1008 4043 fratrem
1028 3961 1209 4014 Antiochum.

118 4029 215 4079 Porro
226 4030 308 4090 Quint
298 4031 408 4080 titianus
419 4029 461 4095 X,
479 4030 512 4094 1,
529 4031 589 4079 123
604 4030 788 4110 Supersunt,
805 4030 905 4096 iuquit,
925 4033 973 4095 qui
986 4031 1021 4080 tle
1030 4031 1212 4096 philosophia

129 4099 325 4163 scripserint,
348 4111 404 4164 pua
424 4099 457 4149 in
475 4108 582 4163 penere
597 4098 783 4162 paucissimas
804 4099 898 4149 ιιιιιιιι
911 4102 1075 4163 eloqtteutes
1092 4101 1212 4154 litterae

130 4168 282 4220 Montanae
297 4169 439 4220 tulerunt.
473 4167 554 4221 idem
565 4167 657 4234 ipttur
670 4167 712 4219 M.
725 4168 851 4235 Tullius,
869 4168 918 4233 arti
932 4169 1050 4235 aliqua,
1073 4170 1192 4222 etiam
1180 4187 1212 4222 ιιι
