2676 4748
107 271 111 280 ’
194 250 266 392 arc
409 385 419 402 ,
616 288 861 385 saurus.

199 506 383 576 muliorum
406 501 597 582 antepone:
626 494 674 564 itt
690 503 783 565 reete
804 497 959 586 quidem,
978 499 1136 588 inquam,
1156 499 1285 571 bruis:

200 591 301 665 modo
313 591 362 658 sii
374 588 436 653 boc
450 583 610 654 Caesaris
622 584 758 666 iudicii,
778 607 844 653 nou
858 587 1108 655 benevolentiae
1130 591 1286 658 testimo-

199 685 304 752 nium.
356 673 442 743 Plus
470 672 558 737 euim
583 681 677 738 carte
702 674 822 740 attulit
849 676 926 741 buia
950 678 1075 764 populo
1095 675 1286 761 diguitatis,

199 765 357 861 quisquis
377 768 432 828 ost
451 759 530 842 illa,
551 759 582 824 si
599 759 762 827 modoeui
774 761 916 849 aliquis,
938 766 996 850 qui
1014 786 1080 828 nou
1095 765 1295 833 illustravit.

189 859 310 937 mdn,
331 848 506 917 sedetiam
523 849 639 932 genuit
651 848 684 913 iu
697 848 759 914 bau
775 849 860 915 urbo
874 849 1007 919 dicendi
1020 851 1162 940 copiam,
1182 875 1284 940 quam

198 947 272 1025 ffli,
307 940 367 1029 qui
396 935 559 1021 Ligurum
593 937 734 1002 castella
763 947 1070 1025 expugnaveruutz·
1095 960 1134 1005 ex
1157 941 1284 1027 quibus

198 1031 299 1102 mulii
319 1031 415 1103 sunt,
441 1029 482 1090 ut
500 1023 617 1102 scitis,
637 1024 813 1110 triumphi.
854 1028 933 1093 256.
956 1023 1087 1092 Verum
1102 1028 1236 1115 qrpidem
1252 1029 1285 1094 si

199 1119 317 1188 andire
341 1112 515 1197 volumus,
547 1110 684 1176 omissis
705 1112 776 1177 iilis
804 1109 926 1177 divinis
948 1114 1120 1195 consiliis,
1157 1115 1284 1200 quibus

198 1198 566 1359 ‘aipiaiiiniiiiuiinifit
589 1197 1009 1351 issiiiffiimriuwpieifla
1025 1202 1120 1351 satin}
1133 1201 1283 1352 ctivitatis

145 1340 147 1345 .
199 1317 241 1362 au
560 1305 570 1351 :
844 1307 992 1351 soaor
1028 1308 1139 1352 rausa
1173 1309 1284 1355 mmu-

197 1383 246 1450 tis
258 1371 534 1468 imperatoribus.
575 1369 629 1437 At
642 1306 875 1463 pnodpptgplua
892 1308 1088 1461 impertitor.
1122 1374 1209 1461 Quis
1224 1396 1283 1441 ne-

198 1462 281 1557 gati
312 1460 373 1530 sed
392 1469 504 1526 tameu
525 1458 607 1545 (uon
621 1469 734 1527 metuo
752 1480 795 1525 ue
807 1459 888 1525 mibi
901 1460 1115 1528 acclametis:
1147 1473 1202 1529 est
1219 1484 1282 1529 an·

187 1567 287 1653 ntem,
314 1547 405 1641 quod
424 1547 570 1628 sentias,
597 1544 731 1615 dicendi
749 1546 838 1616 liber
856 1547 971 1637 locus)
999 1548 1113 1617 malim
1134 1550 1217 1617 nihi
1238 1549 1283 1620 i..

181 1770 184 1777 .
266 1731 305 1784 sit
319 1726 383 1788 loc]
408 1723 462 1775 icoc
478 1734 530 1775 orn.
548 1723 592 1773 cd.
608 1734 651 1784 pr.

199 1813 201 1817 ·
265 1795 501 1863 expugnarcmnt]
524 1792 732 1858 exporuarunt
747 1791 789 1842 ed.
806 1804 848 1857 pr.

266 1870 329 1921 256.
362 1866 553 1925 imperatorum
577 1861 725 1923 sapientia]
754 1855 1282 1928 uaeewetnelins‚·1.nmitinoprae-

232 1946 331 2004 eunte,
351 1931 473 1999 notavit,
494 1937 526 1980 ut
541 1942 577 1979 cx
594 1930 814 1992 interpretatione
830 1931 1001 1991 superiomm·
1014 1932 1074 1982 iliis
1092 1932 1198 1983 diuinis
1210 1944 1284 1989 cua·

233 2007 306 2062 sutis
330 2002 468 2066 proiecta:
499 1998 628 2062 prinum,
655 2000 726 2060 quod
749 1997 881 2060 duplicem
905 2000 1054 2050 ablativum
1077 2002 1164 2051 noluit
1185 2003 1282 2053 eudcm

232 2076 352 2132 membro
367 2066 498 2120 contineri
520 2068 584 2127 (sed
603 2080 632 2115 v.
648 2074 738 2118 annot.
751 2067 779 2117 iu
796 2079 821 2118 c.
835 2068 910 2131 aa),
928 2069 1023 2119 deinde
1035 2071 1103 2133 quod
1117 2073 1194 2121 uuila
1207 2070 1282 2120 iuis-

231 2155 276 2201 pet
291 2141 481 2204 imperatorum
498 2136 633 2198 sapientia
648 2135 743 2202 domi,
766 2147 822 2197 qua
837 2140 914 2187 satus
930 2138 1031 2187 civium
1054 2140 1281 2190 constituereturt

231 2225 327 2283 parum
341 2209 389 2258 illc
406 2217 508 2260 memor
523 2218 585 2255 cum
601 2206 784 2255 institutorum
800 2206 1004 2258 vetustissimae
1020 2209 1201 2276 reipublicae,
1224 2216 1282 2260 ιιιιιι

232 2286 382 2339 dictaturae
399 2274 557 2329 salutariter
573 2283 676 2337 gestae.
712 2274 837 2325 ceterum
853 2274 915 2325 ituic
928 2277 1126 2327 iococouvenit
1140 2279 1281 2329 abundau-

232 2356 274 2408 tiu
290 2348 420 2416 quaedam
437 2343 581 2396 orationis:
608 2357 671 2395 nam
687 2342 796 2394 omissis
811 2345 1026 2407 imperatorum
1040 2347 1185 2411 cupientia
1198 2359 1279 2412 pror·

231 2436 280 2479 aas
297 2421 439 2471 obscurum
456 2414 503 2482 tit,
525 2423 576 2475 quo
593 2412 693 2465 diviua
709 2413 761 2464 iiio
776 2410 897 2464 musitio
914 2415 968 2465 sint
984 2417 1134 2467 referenda.

263 2490 349 2546 multo
364 2496 479 2550 maguus
496 2485 600 2543 orator]
623 2484 669 2533 Sic
685 2483 727 2532 ed.
743 2495 785 2544 pr.
818 2484 909 2534 madio
925 2484 1016 2549 mauis
1032 2488 1136 2535 orator
1152 2486 1189 2536 ab
1210 2486 1279 2538 Asc.

229 2570 258 2615 et
278 2559 342 2611 aliis
366 2556 426 2606 edd.
443 2559 511 2602 vett.
530 2558 675 2613 acceperat
692 2550 848 2603 limestius:
878 2565 1037 2615 quamquam
1054 2556 1145 2621 mauis
1161 2556 1279 2607 destitu-

230 2622 509 2685 tantummodum,
537 2633 590 2682 quo
612 2621 757 2671 referatur.
796 2621 883 2671 Recte
901 2634 967 2671 vero
989 2635 1109 2690 mayaco
1128 2626 1235 2678 orator
1249 2625 1279 2678 iu

229 2694 428 2760 comparatione
443 2690 564 2741 minutis
577 2689 801 2755 imperatoribus
818 2690 1001 2756 praeponitur.

262 2778 317 2820 nou
332 2762 435 2822 metuo]
461 2761 545 2811 Deest
560 2773 619 2809 uon
637 2759 680 2808 ed.
697 2772 739 2823 pr.

191 3010 278 3067 cuiae
290 3001 462 3069 reipublicae
472 2997 618 3068 ciapuiari
628 3010 715 3066 peue-
756 3010 827 3064 quae
853 3007 1001 3064 sequuntur
1024 2998 1106 3064 paulo
1130 2998 1278 3064 gloriosius

190 3097 227 3138 re
239 3073 453 3144 supplicationis
464 3071 584 3122 deorum
594 3069 714 3120 immor·
755 3077 860 3119 ornata.
894 3068 1083 3129 Quaestionem
1097 3069 1124 3119 iu
1141 3072 1278 3125 rhetorum

190 3151 295 3209 tubum
308 3144 414 3209 tempta
424 3140 574 3208 patefecit.
755 3137 856 3186 sciolis
876 3138 1004 3188 iactatam
1021 3138 1066 3200 qui
1083 3138 1196 3189 iuvenili
1209 3154 1278 3204 qno·

240 3212 503 3282 Ligurumcastella]
520 3209 714 3272 Liguresnuuc
755 3207 815 3256 dam
830 3207 928 3266 impetu
942 3209 1071 3256 dissertet
1084 3214 1158 3258 extat
1166 3210 1277 3262 Plutar-

190 3288 259 3341 victi
269 3287 346 3337 modo
359 3282 479 3332 victores
491 3285 567 3329 eraut
575 3274 713 3327 bonanu-
755 3277 799 3324 citi
808 3275 926 3338 libellus,
944 3275 1022 3324 domi
1033 3290 1073 3325 ort
1085 3276 1206 3330 nuliiiae
1214 3282 1278 3336 clu-2

190 3368 266 3411 rum:
292 3363 478 3416 quorumcunr
490 3347 566 3412 regio
584 3345 653 3396 satis
677 3345 712 3394 ab
752 3344 850 3394 riores
863 3343 980 3410 suerint
991 3345 1188 3397 Athenienses.
1219 3351 1278 3399 itu-

189 3425 319 3479 hostibus·
333 3428 408 3471 esset
428 3418 545 3484 munita,
577 3424 633 3465 tum
658 3412 711 3474 ipsi
753 3415 814 3463 dem
837 3414 866 3461 in
888 3424 984 3476 campo
1011 3415 1143 3476 quondam
1168 3417 1277 3469 Tullius

188 3491 312 3546 bellicosi
340 3489 506 3540 habebantur
529 3492 557 3535 et
582 3484 710 3535 audaces.
753 3482 899 3548 exaltarat,
912 3483 1278 3543 cumprouturcuadiceret.

188 3564 226 3619 v.
240 3561 370 3615 Niebuhr.
385 3557 417 3607 Τ.
429 3558 452 3606 1.
473 3570 500 3618 p.
517 3557 576 3607 170.
607 3552 711 3604 Horum
802 3564 837 3600 ue
850 3552 913 3600 milti
927 3552 1099 3612 acclametis]
1116 3551 1157 3600 Ne
1170 3565 1214 3604 me
1227 3569 1276 3607 re-

188 3631 320 3687 icrociam
346 3627 487 3688 fregerunt
511 3622 653 3675 cornelius
682 3628 711 3671 et
752 3621 935 3685 prehendatis.
969 3622 1136 3673 Acrisium
1152 3622 1225 3676 culm
1245 3625 1276 3677 in

188 3701 322 3764 Baebius,
360 3695 405 3756 qni
429 3694 556 3757 ligurum
579 3692 661 3742 robur
681 3690 710 3742 iu
751 3698 891 3752 utrumque
918 3698 1023 3753 partein
1049 3690 1188 3752 accipitur.
1229 3696 1275 3747 Aa

187 3770 326 3824 samnium
345 3763 554 3815 transtulerant:
577 3773 607 3810 v.
621 3759 711 3811 Fron·
752 3761 802 3821 Qu.
825 3759 871 3810 rr.
891 3759 934 3821 11,
954 3763 979 3809 6.
991 3784 995 3791 -
1007 3758 1096 3829 Dicit
1111 3759 1275 3830 Pompeias,

187 3841 239 3894 tiu.
254 3836 388 3890 decolor.
406 3832 526 3896 ppido.
541 3832 603 3883 139.
750 3828 813 3879 ciue
841 3828 950 3880 colmie
979 3840 1049 3880 num
1066 3830 1102 3880 ui
1123 3833 1274 3899 currerit,

238 3907 299 3960 256.
322 3906 426 3955 Verum
438 3898 710 3964 quidem-impera·
750 3910 857 3961 operoe
877 3896 1203 3951 Clodianae-clamorem
1220 3916 1273 3953 tu-

186 3977 304 4035 toribus]
322 3975 363 4024 De
375 3970 490 4031 (lidc.1‚
502 3971 545 4018 22.
564 3969 640 4018 Vere
652 3978 708 4018 au·
748 3968 906 4031 siuicruut,
918 3967 1004 4033 idque
1014 3967 1041 4017 ci
1049 3970 1196 4031 perpetua
1202 3984 1273 4024 oro·

185 4051 245 4101 tem
258 4046 285 4097 si
297 4046 428 4093 uolumus
440 4037 583 4104 iudicare,
599 4039 707 4086 musitae
748 4036 827 4088 tione
846 4037 983 4105 coutipit,
1005 4046 1064 4086 uon
1075 4039 1160 4088 modo
1172 4042 1209 4091 ut
1220 4053 1272 4093 ae-

183 4129 235 4169 ret
249 4112 419 4167 actiterunt
435 4108 563 4161 urbanae
579 4106 706 4158 maiores
746 4107 936 4173 clamatione,
963 4106 1016 4156 aed
1034 4106 1070 4155 ut
1089 4108 1220 4162 conuicia
1239 4113 1271 4166 et

180 4185 380 4249 clarioresque
402 4191 489 4246 qaam
510 4174 643 4231 mitium
676 4183 704 4229 et
745 4175 906 4232 mactatis
919 4173 1122 4242 iutuemur.
1170 4178 1173 4183 ’
1252 4196 1256 4205 ·
