2676 4748
392 304 396 317 ¹
539 320 783 418 0668689.
1133 280 1203 399 tot

120 513 275 586 maximis
288 519 500 584 consecutae.
535 495 919 606 Remcompleotelratur
934 512 1136 597 memoriter,
1151 514 1204 582 di·
1314 536 1317 547 ·

119 604 257 696 videbat
276 610 391 686 acute,
418 624 479 700 neo
493 603 873 694 praetermittebatlcra
887 605 1084 692 quiequam,
1110 602 1204 757 guod

119 699 213 759 esset
233 693 268 758 in
289 713 391 758 causa
413 699 474 757 aut
493 691 537 758 ud
554 691 817 760 confirmandum
839 689 954 758 autad
969 692 1109 758 rciellen
1133 711 1203 760 nm.

119 779 197 846 Vox
217 799 341 847 canora
362 783 398 845 et
416 780 548 862 suavis,
575 786 687 847 motus
709 787 746 846 et
764 785 888 867 gestus.
904 780 1003 846 etiam
1024 781 1102 868 plue
1116 778 1203 845 artie

117 865 284 949 hahebat,
306 888 406 955 quam
421 878 496 934 erat
508 866 637 941 oratori
654 867 753 935 satie.
796 866 871 934 Hoc
886 866 993 952 igitur
1005 866 1203 932 florescente

119 954 268 1024 crassus
289 962 343 1021 est
362 954 662 1038 mortuus3'Gotta
692 957 833 1045 pulsus,
862 955 987 1019 iudicia
1008 953 1205 1020 intermissa

120 1042 230 1125 bello3
266 1063 329 1108 nos
356 1043 392 1109 iu
417 1043 527 1110 iorum
551 1044 716 1112 venimus.
770 1039 977 1110 LXXXIX.
1012 1043 1090 1109 304.
1119 1041 1205 1108 Erat

120 1129 327 1209 Hortensius
348 1129 383 1195 in
403 1129 514 1208 hello,
540 1132 648 1219 primo
670 1152 756 1196 anno
777 1131 894 1210 miles,
922 1130 1030 1194 altero
1046 1127 1205 1194 tribunus

120 1219 287 1298 militum3
324 1215 498 1306 Sulpicius
516 1220 650 1305 legatus
667 1218 802 1300 oberat,
831 1217 931 1284 etiam
947 1215 996 1285 M.
1012 1216 1205 1298 Antonius,
1279 1254 1288 1263 ι

87 1357 94 1366 .
119 1306 342 1373 exercebatur
354 1326 420 1371 nna
434 1306 510 1391 lege
522 1305 682 1373 iudicium
695 1304 822 1387 Varia,
844 1303 967 1371 ceteris
982 1312 1122 1393 propter
1131 1302 1206 1369 bel·-

121 1392 191 1458 lum
207 1393 428 1460 intermissis:
456 1393 512 1459 eui
524 1396 683 1483 frequens
699 1393 853 1473 aderam,
873 1412 1073 1480 quamquam
1087 1410 1151 1480 pro
1166 1410 1206 1458 ae

121 1479 190 1586 ipsi
202 1478 358 1546 dicebant
373 1487 525 1547 oratores
539 1504 604 1549 non
617 1482 670 1549 iili
685 1479 819 1570 quidem
835 1480 1023 1569 principes,
1043 1477 1085 1546 L.
1098 1479 1208 1546 Mern-
1299 1510 1301 1516 ·

120 1588 210 1634 meus
224 1574 260 1633 et
277 1566 322 1652 Q.
337 1565 535 1654 Pompeios,
564 1568 626 1637 sed
646 1579 799 1636 oratores
818 1574 949 1648 tamen,
967 1573 1056 1633 teste
1072 1564 1205 1633 diserto
1277 1602 1288 1618 ι
1310 1572 1320 1638 ,’

121 1662 264 1745 uterque
276 1653 453 1744 Philippo,
473 1657 569 1723 cuius
581 1658 616 1723 in
628 1655 822 1726 testimonio
834 1655 1007 1723 renuntio
1019 1659 1056 1721 et
1069 1652 1137 1722 rim
1151 1675 1207 1722 ao·

121 1745 289 1811 curatoris
306 1743 451 1811 habebat
461 1750 498 1810 et
514 1742 658 1836 copiam.
1177 1743 1179 1746 ⁴

191 1887 254 1938 303.
288 1887 351 1937 erut
366 1887 486 1946 oratori]
510 1887 595 1957 Deest
611 1889 680 1941 crat
696 1887 738 1938 ed.
755 1897 798 1949 pr.

192 1953 224 2006 (i.
243 1956 289 2006 83.
307 1953 370 2008 304.
411 1957 456 2007 cui
471 1957 743 2020 irequens'iadcram]
775 1958 854 2006 lianc
871 1952 914 2002 ed.
930 1963 973 2015 pr.
988 1949 1152 2016 scripturam
1174 1956 1208 2013 (a
1240 1980 1246 1989 ι

157 2035 212 2088 qna
234 2037 287 2075 non
302 2027 422 2078 {multum
445 2026 550 2077 abludit
573 2029 649 2080 codd.
667 2027 718 2093 qui
738 2026 781 2091 fr.
800 2023 935 2080 oderam)
959 2021 1106 2073 Scrutatur
1121 2036 1208 2075 revo-

157 2093 251 2157 cavit,
282 2093 401 2145 0rellins
426 2106 444 2145 a
467 2095 632 2149 Schneidero
650 2098 757 2148 adiutus
777 2092 929 2155 explicavit
945 2090 1096 2152 aptissime.
1131 2092 1208 2142 ludi-

158 2162 211 2214 ciis
233 2162 268 2212 de
290 2164 459 2226 legeJVaria
476 2175 558 2228 saepe
575 2168 702 2234 meram,
736 2163 789 2214 etsi
806 2164 880 2212 duos,
890 2161 995 2211 tentum
1012 2163 1040 2211 ct
1056 2159 1208 2211 mediocres

78 2290 80 2297 Ι
157 2232 265 2296 quidem
288 2233 411 2283 oratores
437 2232 672 2301 redimitorum,
702 2235 735 2284 Ι..
759 2229 913 2281 Memmium
938 2230 966 2278 et
988 2229 1020 2288 0.
1041 2224 1207 2295 Pompeium,

156 2311 239 2363 porro
263 2299 428 2365 Philippum,
456 2300 502 2360 qui
525 2300 554 2350 in
576 2313 664 2352 causa
685 2300 831 2361 utriusque
848 2295 1030 2363 testimoniam
1047 2298 1124 2346 dixit.
1159 2299 1209 2364 qni

158 2368 331 2435 frequentes
347 2368 474 2418 aderant
491 2368 568 2432 vulg.
583 2370 645 2421 inde
662 2370 697 2419 ab
714 2368 801 2418 Alio:
829 2365 899 2429 qnod
915 2364 969 2416 non
985 2365 1068 2415 habet
1083 2360 1209 2428 explica-

157 2439 215 2486 tum
237 2435 370 2485 idoneum.
403 2437 621 2489 'remerendam
643 2436 792 2488 Lambinus
817 2434 931 2484 tactum
954 2444 1004 2497 pro
1022 2445 1209 2500 quamquam:

122 2512 123 2517 ’
159 2505 207 2556 661
221 2503 315 2569 licuit,
336 2504 406 2568 quod
423 2505 552 2557 Sondtzio
570 2507 690 2576 placuit,
714 2503 869 2570 elegantius
883 2513 957 2553 cuca

192 2573 272 2624 ouius
288 2571 331 2634 in]
353 2573 386 2624 ic
401 2584 454 2626 om.
468 2575 513 2633 ed.
528 2586 570 2639 pr.

174 2693 496 2761 liemcomplcotebctur]
518 2696 649 2755 Similiter
689 2691 719 2747 in
746 2700 873 2744 auctores
895 2689 963 2742 oclli
985 2687 1099 2742 ecclelia
1127 2691 1212 2748 lotam

125 2766 213 2831 663,
229 2768 291 2821 ²27.
690 2761 1085 2825 tuieecsupradiximusino.
1099 2761 1144 2811 62.
1256 2759 1259 2764 ’

176 2835 240 2887 Vox
250 2861 287 2874 -
297 2833 401 2895 motus]
425 2835 489 2888 Vox
507 2832 651 2888 Hortensii
741 2835 775 2886 11.
789 2832 944 2892 Memmius]
967 2831 1009 2882 De
1022 2840 1073 2894 qno
1085 2841 1114 2879 v.
1127 2841 1152 2881 c.
1165 2830 1210 2881 36.

125 2902 178 2954 luit
193 2900 302 2972 mollis,
332 2913 434 2969 gestus
447 2912 538 2958 autem
560 2918 649 2972 paone
741 2904 775 2965 Q·
789 2901 945 2963 Pompeius]
966 2900 1003 2951 V.
1016 2896 1040 2949 οἱ
1053 2899 1099 2949 66.

124 2973 316 3027 histrionicus:
334 2974 445 3024 6.(1611.
460 2975 489 3041 1,
505 2972 532 3027 5.
743 2978 814 3022 teste
823 2970 929 3021 'diserto
941 2969 1068 3035 uterque]
1091 2968 1211 3032 Uterque

94 3040 99 3045 '
179 3041 297 3093 crassus
310 3051 352 3093 eet
363 3045 498 3103 mortuus]
523 3045 557 3094 A.
570 3043 635 3098 663.
691 3039 798 3094 mceocc
809 3052 857 3104 pro
873 3052 919 3103 sc;
936 3038 965 3089 in
978 3045 1118 3102 utrumque
1132 3036 1211 3086 testi-

177 3110 257 3164 Cotta
278 3113 389 3178 pulsus]
420 3115 495 3178 Lege
516 3112 606 3164 Vario
622 3125 649 3167 u·
691 3111 806 3162 monium
821 3107 888 3159 dixit
900 3107 1048 3172 Philippus,
1065 3114 1093 3155 et
1105 3117 1139 3156 ea
1150 3105 1212 3169 qul·
1313 3145 1317 3150 .

126 3176 189 3231 664·
690 3179 752 3232 dcm
766 3178 944 3245 contentione,
955 3184 985 3227 ut
996 3183 1139 3229 accusator
1147 3188 1211 3224 ease

179 3248 447 3302 iudiciaintmmisac
458 3251 545 3312 bello]
572 3249 649 3302 Bello
671 3302 673 3307 ,
691 3249 845 3315 rideretur,
861 3259 915 3298 non
927 3246 1006 3297 testis
1018 3250 1130 3295 tuntum.
1159 3244 1211 3295 lli.
1244 3306 1249 3314 ,

127 3318 225 3369 sociali
238 3331 264 3369 a.
277 3312 436 3370 664ν-666.
690 3319 787 3370 mirum
801 3315 940 3381 Philippus
953 3316 1094 3381 optimates
1107 3312 1211 3364 acerri-

178 3389 241 3448 nos]
284 3387 379 3440 Cicero
415 3398 504 3453 togam
528 3385 649 3440 'virilem
690 3387 896 3447 molnicatcvit.
928 3382 1120 3435 Fetellitratio
1134 3383 1212 3433 liutt-

126 3456 242 3518 sumpsit
259 3470 284 3509 a.
298 3458 361 3510 663.
379 3473 444 3515 xvr.
461 3468 546 3510 annos
557 3465 648 3510 natue.
690 3462 827 3524 mannum,
844 3454 888 3519 qui
899 3455 1012 3517 putabat
1021 3453 1136 3507 utentes
1148 3458 1212 3503 ante

179 3525 210 3576 c.
228 3525 271 3576 89.
292 3525 353 3577 304.
387 3526 416 3577 16
437 3528 522 3586 bello]
550 3525 650 3578 Italico
690 3529 815 3593 aterque
835 3523 988 3574 excidisse:
1020 3520 1094 3575 llinil
1114 3521 1143 3570 in
1161 3521 1220 3570 lroc·

128 3592 189 3644 nive
200 3595 335 3646 Marsico:
357 3596 434 3645 cuius
448 3596 550 3659 primus
563 3607 649 3648 annus
691 3597 753 3649 loco
773 3609 804 3645 se
821 3594 924 3646 vidisse
936 3593 1021 3644 linere
1033 3589 1212 3642 confitebatur

126 3664 180 3717 iuit
193 3665 255 3716 664.
272 3666 447 3716 alterautem
464 3676 489 3714 a.
502 3665 563 3716 665.
691 3664 853 3728 Ernestius,
888 3663 932 3713 cui
960 3660 1098 3711 videretur
1130 3658 1213 3708 ctiam

179 3733 315 3796 sulpicius
325 3736 446 3798 legatus]
470 3736 499 3785 P·
514 3732 650 3797 Sulpicius
691 3736 770 3788 iraus
786 3735 918 3799 quaedam
929 3730 1090 3791 irrepsisset
1107 3726 1212 3779 cautior

126 3803 223 3854 liuius*
235 3805 342 3868 legatus
363 3803 450 3854 cidem
469 3804 541 3854 bello
564 3803 651 3855 inter-
692 3805 740 3856 illc
751 3803 856 3868 quidem
862 3800 1013 3864 wetzclio,
1030 3798 1076 3862 qui
1090 3795 1213 3859 Philippo

127 3871 195 3934 tuit3
218 3873 283 3925 item
296 3881 326 3923 nt
338 3875 376 3924 M.
388 3872 531 3923 Antonius.
692 3881 763 3925 teste
776 3872 928 3924 Memmium
939 3876 967 3920 et
981 3864 1135 3929 Pompeium
1149 3877 1212 3917 ora-
1241 3924 1244 3933 Ι

179 3941 306 3994 iudicium
312 3941 650 4001 Variall'culumcsttur·
691 3951 766 3997 tores
783 3954 846 3994 esse
860 3941 965 3992 habitos
980 3935 1141 4002 crediderit,
1162 3936 1214 3985 od-

127 4009 226 4075 natus,
248 4015 279 4062 ut
293 4013 328 4064 ad
340 4023 436 4061 nomen
446 4011 550 4064 Variae
564 4013 651 4062 lector
693 4024 778 4077 eoque
797 4009 956 4069 discrepem
975 4008 1009 4058 ob
1027 4004 1107 4056 nulus
1132 4003 1212 4055 testi-

128 4080 268 4132 ottcndcrc
282 4089 410 4147 cogatur,
428 4082 492 4131 ordo
506 4082 651 4133 verborum
692 4082 790 4139 moniis
803 4079 926 4147 graviter
938 4075 1017 4135 dictis
1029 4072 1186 4136 proiecisse.

128 4148 283 4216 legitimus,
306 4150 499 4203 coercebatur
514 4163 574 4202 unc
591 4151 652 4219 leae
746 4149 893 4210 contentio]
924 4143 1116 4199 Testimonium
1137 4148 1214 4218 teuta

131 4217 225 4272 Varia
243 4217 391 4272 luduicus.
425 4216 527 4286 negem
538 4220 654 4273 Varium
695 4219 766 4274 dixit
786 4217 972 4287 succentore,
994 4220 1025 4265 nt
1041 4211 1072 4264 vl
1091 4219 1120 4264 ct
1134 4211 1214 4277 copie
