<?xml version="1.0" encoding="UTF-8"?>
<!DOCTYPE html PUBLIC "-//W3C//DTD XHTML 1.0 Transitional//EN"
    "http://www.w3.org/TR/xhtml1/DTD/xhtml1-transitional.dtd">
<html xmlns="http://www.w3.org/1999/xhtml" xml:lang="en" lang="en">
 <head>
  <title>
</title>
<meta http-equiv="Content-Type" content="text/html;charset=utf-8" />
  <meta name='ocr-system' content='tesseract 3.04.00' />
  <meta name='ocr-capabilities' content='ocr_page ocr_carea ocr_par ocr_line ocrx_word'/>
</head>
<body>
  <div class='ocr_page' id='page_1' title='image "./mtulliiciceroni00meyegoog_0181.png"; bbox 0 0 2676 4748; ppageno 0'>
   <div class='ocr_carea' id='block_1_1' title="bbox 117 292 815 385">
    <p class='ocr_par' dir='ltr' id='par_1_1' title="bbox 117 292 815 385">
     <span class='ocr_line' id='line_1_1' title="bbox 117 292 815 385; baseline 0.009 -14"><span class='ocrx_word' id='word_1_1' title='bbox 117 310 187 385; x_wconf 71' lang='grc' dir='ltr'><strong>ιω</strong></span> <span class='ocrx_word' id='word_1_2' title='bbox 537 304 786 377; x_wconf 67' lang='grc' dir='ltr'><strong>ΒΒΠΤΙΙΒ.</strong></span> <span class='ocrx_word' id='word_1_3' title='bbox 809 292 815 309; x_wconf 69' lang='grc'><strong>“</strong></span> 
     </span>
    </p>
   </div>
   <div class='ocr_carea' id='block_1_2' title="bbox 115 477 1209 1460">
    <p class='ocr_par' dir='ltr' id='par_1_2' title="bbox 115 477 1209 1460">
     <span class='ocr_line' id='line_1_2' title="bbox 115 477 1207 589; baseline -0.001 -24"><span class='ocrx_word' id='word_1_4' title='bbox 115 497 156 565; x_wconf 91' lang='lat' dir='ltr'><strong>bi</strong></span> <span class='ocrx_word' id='word_1_5' title='bbox 177 477 291 589; x_wconf 87' lang='lat' dir='ltr'><strong>possit</strong></span> <span class='ocrx_word' id='word_1_6' title='bbox 310 492 355 562; x_wconf 83' lang='lat' dir='ltr'><strong>de</strong></span> <span class='ocrx_word' id='word_1_7' title='bbox 375 493 440 577; x_wconf 87' lang='lat' dir='ltr'><strong>iis,</strong></span> <span class='ocrx_word' id='word_1_8' title='bbox 469 491 510 561; x_wconf 82' lang='lat' dir='ltr'><strong>da</strong></span> <span class='ocrx_word' id='word_1_9' title='bbox 530 495 656 584; x_wconf 84' lang='lat' dir='ltr'><strong>quibus</strong></span> <span class='ocrx_word' id='word_1_10' title='bbox 673 496 769 563; x_wconf 85' lang='lat' dir='ltr'><strong>nulla</strong></span> <span class='ocrx_word' id='word_1_11' title='bbox 782 499 995 561; x_wconf 84' lang='lat' dir='ltr'><strong>monumenta</strong></span> <span class='ocrx_word' id='word_1_12' title='bbox 1006 494 1207 580; x_wconf 79' lang='lat' dir='ltr'><strong>loquuntur,</strong></span> 
     </span>
     <span class='ocr_line' id='line_1_3' title="bbox 115 577 1209 672; baseline -0.006 -19"><span class='ocrx_word' id='word_1_13' title='bbox 115 607 179 653; x_wconf 79' lang='lat' dir='ltr'><strong>aec</strong></span> <span class='ocrx_word' id='word_1_14' title='bbox 194 585 339 651; x_wconf 81' lang='lat' dir='ltr'><strong>aliorum</strong></span> <span class='ocrx_word' id='word_1_15' title='bbox 353 604 414 650; x_wconf 87' lang='lat' dir='ltr'><strong>nec</strong></span> <span class='ocrx_word' id='word_1_16' title='bbox 428 577 606 671; x_wconf 74' lang='lat' dir='ltr'><strong>ipsorum?</strong></span> <span class='ocrx_word' id='word_1_17' title='bbox 645 583 702 651; x_wconf 91' lang='lat' dir='ltr'><strong>De</strong></span> <span class='ocrx_word' id='word_1_18' title='bbox 714 585 759 650; x_wconf 91' lang='lat' dir='ltr'><strong>iis</strong></span> <span class='ocrx_word' id='word_1_19' title='bbox 775 594 906 664; x_wconf 87' lang='lat' dir='ltr'><strong>autem,</strong></span> <span class='ocrx_word' id='word_1_20' title='bbox 933 604 1019 672; x_wconf 86' lang='lat' dir='ltr'><strong>qnos</strong></span> <span class='ocrx_word' id='word_1_21' title='bbox 1033 582 1102 668; x_wconf 92' lang='lat' dir='ltr'><strong>ipsi</strong></span> <span class='ocrx_word' id='word_1_22' title='bbox 1117 579 1209 648; x_wconf 83' lang='lat' dir='ltr'><strong>ridi-</strong></span> 
     </span>
     <span class='ocr_line' id='line_1_4' title="bbox 117 669 1208 759; baseline -0.007 -19"><span class='ocrx_word' id='word_1_23' title='bbox 117 694 206 752; x_wconf 73' lang='grc' dir='ltr'><strong>ιω,</strong></span> <span class='ocrx_word' id='word_1_24' title='bbox 226 672 390 739; x_wconf 82' lang='lat' dir='ltr'><strong>neminem</strong></span> <span class='ocrx_word' id='word_1_25' title='bbox 404 670 476 736; x_wconf 80' lang='lat' dir='ltr'><strong>iere</strong></span> <span class='ocrx_word' id='word_1_26' title='bbox 489 672 790 759; x_wconf 76' lang='lat' dir='ltr'><strong>praetermittimus</strong></span> <span class='ocrx_word' id='word_1_27' title='bbox 805 693 932 751; x_wconf 87' lang='lat' dir='ltr'><strong>eorum,</strong></span> <span class='ocrx_word' id='word_1_28' title='bbox 952 691 1037 758; x_wconf 89' lang='lat' dir='ltr'><strong>quos</strong></span> <span class='ocrx_word' id='word_1_29' title='bbox 1053 669 1208 755; x_wconf 83' lang='lat' dir='ltr'><strong>aliquan-</strong></span> 
     </span>
     <span class='ocr_line' id='line_1_5' title="bbox 117 756 1208 839; baseline -0.006 -12"><span class='ocrx_word' id='word_1_30' title='bbox 117 759 164 827; x_wconf 79' lang='lat' dir='ltr'><strong>do</strong></span> <span class='ocrx_word' id='word_1_31' title='bbox 184 758 336 827; x_wconf 70' lang='lat' dir='ltr'><strong>dicentm</strong></span> <span class='ocrx_word' id='word_1_32' title='bbox 355 756 515 826; x_wconf 83' lang='lat' dir='ltr'><strong>vidimus.</strong></span> <span class='ocrx_word' id='word_1_33' title='bbox 563 761 643 828; x_wconf 82' lang='lat'><strong>182.</strong></span> <span class='ocrx_word' id='word_1_34' title='bbox 662 757 754 827; x_wconf 80' lang='lat' dir='ltr'><strong>Volo</strong></span> <span class='ocrx_word' id='word_1_35' title='bbox 773 759 860 825; x_wconf 91' lang='lat' dir='ltr'><strong>enim</strong></span> <span class='ocrx_word' id='word_1_36' title='bbox 883 759 984 839; x_wconf 91' lang='lat' dir='ltr'><strong>sciri,</strong></span> <span class='ocrx_word' id='word_1_37' title='bbox 1011 757 1155 823; x_wconf 84' lang='lat' dir='ltr'><strong>intanta</strong></span> <span class='ocrx_word' id='word_1_38' title='bbox 1169 762 1208 821; x_wconf 90' lang='lat' dir='ltr'><strong>et</strong></span> 
     </span>
     <span class='ocr_line' id='line_1_6' title="bbox 117 844 1208 934; baseline -0.005 -20"><span class='ocrx_word' id='word_1_39' title='bbox 117 856 190 914; x_wconf 82' lang='lat' dir='ltr'><strong>tam</strong></span> <span class='ocrx_word' id='word_1_40' title='bbox 210 856 326 915; x_wconf 83' lang='lat' dir='ltr'><strong>vetera</strong></span> <span class='ocrx_word' id='word_1_41' title='bbox 343 868 382 912; x_wconf 92' lang='lat' dir='ltr'><strong>re</strong></span> <span class='ocrx_word' id='word_1_42' title='bbox 402 846 540 934; x_wconf 89' lang='lat' dir='ltr'><strong>publica</strong></span> <span class='ocrx_word' id='word_1_43' title='bbox 555 846 710 914; x_wconf 86' lang='lat' dir='ltr'><strong>maximis</strong></span> <span class='ocrx_word' id='word_1_44' title='bbox 724 847 884 934; x_wconf 84' lang='lat' dir='ltr'><strong>praemiis</strong></span> <span class='ocrx_word' id='word_1_45' title='bbox 899 844 1111 933; x_wconf 82' lang='lat' dir='ltr'><strong>eloquentiae</strong></span> <span class='ocrx_word' id='word_1_46' title='bbox 1125 865 1208 931; x_wconf 88' lang='lat' dir='ltr'><strong>pro-</strong></span> 
     </span>
     <span class='ocr_line' id='line_1_7' title="bbox 116 933 1208 1025; baseline -0.004 -25"><span class='ocrx_word' id='word_1_47' title='bbox 116 935 243 1025; x_wconf 86' lang='lat' dir='ltr'><strong>positis</strong></span> <span class='ocrx_word' id='word_1_48' title='bbox 264 954 380 1000; x_wconf 85' lang='lat' dir='ltr'><strong>omnes</strong></span> <span class='ocrx_word' id='word_1_49' title='bbox 396 934 533 1023; x_wconf 90' lang='lat' dir='ltr'><strong>cupisse</strong></span> <span class='ocrx_word' id='word_1_50' title='bbox 556 933 687 1016; x_wconf 84' lang='lat' dir='ltr'><strong>dicere,</strong></span> <span class='ocrx_word' id='word_1_51' title='bbox 720 957 786 1000; x_wconf 94' lang='lat' dir='ltr'><strong>non</strong></span> <span class='ocrx_word' id='word_1_52' title='bbox 809 934 975 1023; x_wconf 88' lang='lat' dir='ltr'><strong>plurimos</strong></span> <span class='ocrx_word' id='word_1_53' title='bbox 995 954 1098 998; x_wconf 85' lang='lat' dir='ltr'><strong>ausos</strong></span> <span class='ocrx_word' id='word_1_54' title='bbox 1117 953 1208 1012; x_wconf 86' lang='lat' dir='ltr'><strong>esse,</strong></span> 
     </span>
     <span class='ocr_line' id='line_1_8' title="bbox 116 1019 1208 1177; baseline -0.004 0"><span class='ocrx_word' id='word_1_55' title='bbox 116 1023 274 1177; x_wconf 56' lang='lat' dir='ltr'><strong>libbi</strong></span> <span class='ocrx_word' id='word_1_56' title='bbox 288 1043 425 1176; x_wconf 66' lang='lat' dir='ltr'><strong>ilii·</strong></span> <span class='ocrx_word' id='word_1_57' title='bbox 468 1019 731 1176; x_wconf 67' lang='lat' dir='ltr'><strong>{ibiibi</strong></span> <span class='ocrx_word' id='word_1_58' title='bbox 745 1022 1001 1176; x_wconf 46' lang='lat' dir='ltr'><strong>bilbilim</strong></span> <span class='ocrx_word' id='word_1_59' title='bbox 1015 1020 1208 1173; x_wconf 54' lang='lat' dir='ltr'><strong>cm</strong></span> 
     </span>
     <span class='ocr_line' id='line_1_9' title="bbox 116 1130 1206 1291; baseline -0.004 -27"><span class='ocrx_word' id='word_1_60' title='bbox 116 1131 361 1265; x_wconf 57' lang='lat' dir='ltr'><strong>toremgibbbse.</strong></span> <span class='ocrx_word' id='word_1_61' title='bbox 395 1130 529 1262; x_wconf 62' lang='lat' dir='ltr'><strong>’libbam</strong></span> <span class='ocrx_word' id='word_1_62' title='bbox 552 1195 624 1263; x_wconf 85' lang='lat' dir='ltr'><strong>iere</strong></span> <span class='ocrx_word' id='word_1_63' title='bbox 642 1197 871 1291; x_wconf 73' lang='lat' dir='ltr'><strong>temporibus,</strong></span> <span class='ocrx_word' id='word_1_64' title='bbox 897 1131 1206 1263; x_wconf 67' lang='lat' dir='ltr'><strong>actc’teqibferiores</strong></span> 
     </span>
     <span class='ocr_line' id='line_1_10' title="bbox 145 1279 1208 1374; baseline 0.005 -25"><span class='ocrx_word' id='word_1_65' title='bbox 145 1287 222 1351; x_wconf 94' lang='lat' dir='ltr'><strong>aulo</strong></span> <span class='ocrx_word' id='word_1_66' title='bbox 244 1306 345 1372; x_wconf 86' lang='lat' dir='ltr'><strong>quam</strong></span> <span class='ocrx_word' id='word_1_67' title='bbox 358 1279 488 1363; x_wconf 86' lang='lat' dir='ltr'><strong>lulius,</strong></span> <span class='ocrx_word' id='word_1_68' title='bbox 508 1281 571 1349; x_wconf 86' lang='lat' dir='ltr'><strong>sed</strong></span> <span class='ocrx_word' id='word_1_69' title='bbox 583 1285 741 1372; x_wconf 84' lang='lat' dir='ltr'><strong>aequales</strong></span> <span class='ocrx_word' id='word_1_70' title='bbox 756 1282 997 1374; x_wconf 70' lang='lat' dir='ltr'><strong>propemodum</strong></span> <span class='ocrx_word' id='word_1_71' title='bbox 1013 1283 1151 1349; x_wconf 84' lang='lat' dir='ltr'><strong>fuerunt</strong></span> <span class='ocrx_word' id='word_1_72' title='bbox 1163 1280 1208 1354; x_wconf 78' lang='lat' dir='ltr'><strong>C·</strong></span> 
     </span>
     <span class='ocr_line' id='line_1_11' title="bbox 117 1305 1208 1460; baseline -0.007 -17"><span class='ocrx_word' id='word_1_73' title='bbox 117 1305 244 1454; x_wconf 75' lang='lat' dir='ltr'><strong>botta,</strong></span> <span class='ocrx_word' id='word_1_74' title='bbox 264 1369 305 1441; x_wconf 86' lang='lat' dir='ltr'><strong>P.</strong></span> <span class='ocrx_word' id='word_1_75' title='bbox 321 1370 513 1460; x_wconf 84' lang='lat' dir='ltr'><strong>Sulpicius,</strong></span> <span class='ocrx_word' id='word_1_76' title='bbox 534 1369 580 1457; x_wconf 80' lang='lat' dir='ltr'><strong>Q.</strong></span> <span class='ocrx_word' id='word_1_77' title='bbox 592 1369 740 1453; x_wconf 82' lang='lat' dir='ltr'><strong>Variae,</strong></span> <span class='ocrx_word' id='word_1_78' title='bbox 761 1371 825 1442; x_wconf 81' lang='lat' dir='ltr'><strong>Cn.</strong></span> <span class='ocrx_word' id='word_1_79' title='bbox 839 1370 1057 1460; x_wconf 78' lang='lat' dir='ltr'><strong>Pomponius,</strong></span> <span class='ocrx_word' id='word_1_80' title='bbox 1081 1369 1120 1440; x_wconf 81' lang='lat' dir='ltr'><strong>G·</strong></span> <span class='ocrx_word' id='word_1_81' title='bbox 1136 1368 1208 1439; x_wconf 81' lang='lat' dir='ltr'><strong>Gn-</strong></span> 
     </span>
    </p>
   </div>
   <div class='ocr_carea' id='block_1_3' title="bbox 117 1457 1207 2074">
    <p class='ocr_par' dir='ltr' id='par_1_3' title="bbox 117 1457 1207 2074">
     <span class='ocr_line' id='line_1_12' title="bbox 118 1457 1206 1542; baseline -0.004 -14"><span class='ocrx_word' id='word_1_82' title='bbox 118 1461 192 1542; x_wconf 86' lang='lat' dir='ltr'><strong>rio‚</strong></span> <span class='ocrx_word' id='word_1_83' title='bbox 212 1458 255 1529; x_wconf 78' lang='lat' dir='ltr'><strong>L.</strong></span> <span class='ocrx_word' id='word_1_84' title='bbox 272 1459 410 1539; x_wconf 80' lang='lat' dir='ltr'><strong>Fufius,</strong></span> <span class='ocrx_word' id='word_1_85' title='bbox 430 1457 479 1526; x_wconf 89' lang='grc' dir='ltr'><strong>Μ.</strong></span> <span class='ocrx_word' id='word_1_86' title='bbox 492 1457 642 1540; x_wconf 84' lang='lat' dir='ltr'><strong>Drusus,</strong></span> <span class='ocrx_word' id='word_1_87' title='bbox 659 1457 702 1528; x_wconf 89' lang='lat' dir='ltr'><strong>P.</strong></span> <span class='ocrx_word' id='word_1_88' title='bbox 717 1461 907 1541; x_wconf 74' lang='lat' dir='ltr'><strong>Antistius,</strong></span> <span class='ocrx_word' id='word_1_89' title='bbox 928 1481 989 1524; x_wconf 86' lang='lat' dir='ltr'><strong>nec</strong></span> <span class='ocrx_word' id='word_1_90' title='bbox 1006 1460 1078 1524; x_wconf 86' lang='lat' dir='ltr'><strong>ulla</strong></span> <span class='ocrx_word' id='word_1_91' title='bbox 1091 1465 1206 1524; x_wconf 84' lang='lat' dir='ltr'><strong>aetate</strong></span> 
     </span>
     <span class='ocr_line' id='line_1_13' title="bbox 118 1544 1207 1633; baseline -0.004 -18"><span class='ocrx_word' id='word_1_92' title='bbox 118 1547 258 1615; x_wconf 76' lang='lat' dir='ltr'><strong>uberior</strong></span> <span class='ocrx_word' id='word_1_93' title='bbox 278 1553 450 1612; x_wconf 88' lang='lat' dir='ltr'><strong>oratorum</strong></span> <span class='ocrx_word' id='word_1_94' title='bbox 470 1546 561 1613; x_wconf 83' lang='lat' dir='ltr'><strong>ictus</strong></span> <span class='ocrx_word' id='word_1_95' title='bbox 575 1547 654 1616; x_wconf 83' lang='lat' dir='ltr'><strong>init.</strong></span> <span class='ocrx_word' id='word_1_96' title='bbox 695 1550 773 1618; x_wconf 87' lang='lat'><strong>183.</strong></span> <span class='ocrx_word' id='word_1_97' title='bbox 794 1546 844 1612; x_wconf 86' lang='lat' dir='ltr'><strong>Ex</strong></span> <span class='ocrx_word' id='word_1_98' title='bbox 857 1547 912 1613; x_wconf 82' lang='lat' dir='ltr'><strong>his</strong></span> <span class='ocrx_word' id='word_1_99' title='bbox 925 1545 1027 1615; x_wconf 86' lang='lat' dir='ltr'><strong>Cotta</strong></span> <span class='ocrx_word' id='word_1_100' title='bbox 1041 1553 1077 1612; x_wconf 92' lang='lat' dir='ltr'><strong>et</strong></span> <span class='ocrx_word' id='word_1_101' title='bbox 1089 1544 1207 1633; x_wconf 87' lang='lat' dir='ltr'><strong>Sulpi·</strong></span> 
     </span>
     <span class='ocr_line' id='line_1_14' title="bbox 118 1631 1205 1721; baseline -0.001 -19"><span class='ocrx_word' id='word_1_102' title='bbox 118 1634 195 1702; x_wconf 86' lang='lat' dir='ltr'><strong>cius</strong></span> <span class='ocrx_word' id='word_1_103' title='bbox 212 1656 288 1700; x_wconf 91' lang='lat' dir='ltr'><strong>cnm</strong></span> <span class='ocrx_word' id='word_1_104' title='bbox 307 1654 382 1700; x_wconf 87' lang='lat' dir='ltr'><strong>meo</strong></span> <span class='ocrx_word' id='word_1_105' title='bbox 398 1631 524 1700; x_wconf 84' lang='lat' dir='ltr'><strong>iudicio</strong></span> <span class='ocrx_word' id='word_1_106' title='bbox 536 1641 608 1699; x_wconf 92' lang='lat' dir='ltr'><strong>tum</strong></span> <span class='ocrx_word' id='word_1_107' title='bbox 622 1637 768 1701; x_wconf 87' lang='lat' dir='ltr'><strong>omnium</strong></span> <span class='ocrx_word' id='word_1_108' title='bbox 784 1635 884 1701; x_wconf 85' lang='lat' dir='ltr'><strong>iacile</strong></span> <span class='ocrx_word' id='word_1_109' title='bbox 898 1635 1028 1721; x_wconf 86' lang='lat' dir='ltr'><strong>primas</strong></span> <span class='ocrx_word' id='word_1_110' title='bbox 1040 1635 1205 1701; x_wconf 87' lang='lat' dir='ltr'><strong>tulerunt.</strong></span> 
     </span>
     <span class='ocr_line' id='line_1_15' title="bbox 117 1718 1206 1810; baseline -0.004 -20"><span class='ocrx_word' id='word_1_111' title='bbox 117 1720 187 1790; x_wconf 83' lang='lat' dir='ltr'><strong>Hie</strong></span> <span class='ocrx_word' id='word_1_112' title='bbox 209 1720 370 1802; x_wconf 79' lang='lat' dir='ltr'><strong>Atticus,</strong></span> <span class='ocrx_word' id='word_1_113' title='bbox 397 1718 575 1806; x_wconf 79' lang='lat' dir='ltr'><strong>Quomodo</strong></span> <span class='ocrx_word' id='word_1_114' title='bbox 594 1721 683 1788; x_wconf 87' lang='lat' dir='ltr'><strong>istuc</strong></span> <span class='ocrx_word' id='word_1_115' title='bbox 703 1721 810 1805; x_wconf 82' lang='lat' dir='ltr'><strong>dicis,</strong></span> <span class='ocrx_word' id='word_1_116' title='bbox 835 1723 966 1810; x_wconf 86' lang='lat' dir='ltr'><strong>iuquit,</strong></span> <span class='ocrx_word' id='word_1_117' title='bbox 986 1742 1062 1787; x_wconf 87' lang='lat' dir='ltr'><strong>cum</strong></span> <span class='ocrx_word' id='word_1_118' title='bbox 1077 1729 1138 1788; x_wconf 91' lang='lat' dir='ltr'><strong>tuo</strong></span> <span class='ocrx_word' id='word_1_119' title='bbox 1152 1721 1206 1786; x_wconf 89' lang='lat' dir='ltr'><strong>iu-</strong></span> 
     </span>
     <span class='ocr_line' id='line_1_16' title="bbox 119 1801 1206 1899; baseline -0.002 -23"><span class='ocrx_word' id='word_1_120' title='bbox 119 1808 210 1876; x_wconf 84' lang='lat' dir='ltr'><strong>dicio</strong></span> <span class='ocrx_word' id='word_1_121' title='bbox 232 1818 304 1874; x_wconf 90' lang='lat' dir='ltr'><strong>tum</strong></span> <span class='ocrx_word' id='word_1_122' title='bbox 326 1801 500 1877; x_wconf 74' lang='lat' dir='ltr'><strong>omnium?</strong></span> <span class='ocrx_word' id='word_1_123' title='bbox 544 1807 727 1897; x_wconf 84' lang='lat' dir='ltr'><strong>Semperne</strong></span> <span class='ocrx_word' id='word_1_124' title='bbox 743 1810 781 1876; x_wconf 91' lang='lat' dir='ltr'><strong>in</strong></span> <span class='ocrx_word' id='word_1_125' title='bbox 799 1817 936 1877; x_wconf 87' lang='lat' dir='ltr'><strong>oratore</strong></span> <span class='ocrx_word' id='word_1_126' title='bbox 953 1807 1126 1899; x_wconf 89' lang='lat' dir='ltr'><strong>probando</strong></span> <span class='ocrx_word' id='word_1_127' title='bbox 1145 1819 1206 1874; x_wconf 90' lang='lat' dir='ltr'><strong>aut</strong></span> 
     </span>
     <span class='ocr_line' id='line_1_17' title="bbox 117 1895 1204 1987; baseline -0.002 -23"><span class='ocrx_word' id='word_1_128' title='bbox 117 1895 340 1987; x_wconf 88' lang='lat' dir='ltr'><strong>improbando</strong></span> <span class='ocrx_word' id='word_1_129' title='bbox 370 1896 464 1979; x_wconf 80' lang='lat' dir='ltr'><strong>vulgi</strong></span> <span class='ocrx_word' id='word_1_130' title='bbox 490 1895 653 1963; x_wconf 87' lang='lat' dir='ltr'><strong>iudicium</strong></span> <span class='ocrx_word' id='word_1_131' title='bbox 680 1919 754 1964; x_wconf 89' lang='lat' dir='ltr'><strong>cum</strong></span> <span class='ocrx_word' id='word_1_132' title='bbox 785 1897 1048 1984; x_wconf 83' lang='lat' dir='ltr'><strong>intelligentium</strong></span> <span class='ocrx_word' id='word_1_133' title='bbox 1078 1895 1204 1963; x_wconf 86' lang='lat' dir='ltr'><strong>iudicio</strong></span> 
     </span>
     <span class='ocr_line' id='line_1_18' title="bbox 119 1976 1204 2074; baseline -0.003 -21"><span class='ocrx_word' id='word_1_134' title='bbox 119 1976 302 2071; x_wconf 71' lang='lat' dir='ltr'><strong>congruit?</strong></span> <span class='ocrx_word' id='word_1_135' title='bbox 330 2003 373 2048; x_wconf 87' lang='lat' dir='ltr'><strong>an</strong></span> <span class='ocrx_word' id='word_1_136' title='bbox 386 1980 448 2059; x_wconf 83' lang='lat' dir='ltr'><strong>alii</strong></span> <span class='ocrx_word' id='word_1_137' title='bbox 461 1982 649 2074; x_wconf 82' lang='lat' dir='ltr'><strong>probantur</strong></span> <span class='ocrx_word' id='word_1_138' title='bbox 665 2006 685 2052; x_wconf 95' lang='lat' dir='ltr'><strong>a</strong></span> <span class='ocrx_word' id='word_1_139' title='bbox 700 1983 937 2067; x_wconf 84' lang='lat' dir='ltr'><strong>multitudine,</strong></span> <span class='ocrx_word' id='word_1_140' title='bbox 959 1985 1020 2052; x_wconf 86' lang='lat' dir='ltr'><strong>alii</strong></span> <span class='ocrx_word' id='word_1_141' title='bbox 1035 1991 1145 2051; x_wconf 88' lang='lat' dir='ltr'><strong>autem</strong></span> <span class='ocrx_word' id='word_1_142' title='bbox 1161 1984 1204 2050; x_wconf 86' lang='lat' dir='ltr'><strong>ab</strong></span> 
     </span>
    </p>
   </div>
   <div class='ocr_carea' id='block_1_4' title="bbox 124 2159 1208 3958">
    <p class='ocr_par' dir='ltr' id='par_1_4' title="bbox 124 2159 1205 2575">
     <span class='ocr_line' id='line_1_19' title="bbox 154 2159 1205 2226; baseline -0.003 -12"><span class='ocrx_word' id='word_1_143' title='bbox 154 2169 247 2226; x_wconf 82' lang='lat' dir='ltr'><strong>serat,</strong></span> <span class='ocrx_word' id='word_1_144' title='bbox 276 2173 313 2211; x_wconf 92' lang='lat' dir='ltr'><strong>ne</strong></span> <span class='ocrx_word' id='word_1_145' title='bbox 329 2159 483 2225; x_wconf 86' lang='lat' dir='ltr'><strong>particulae</strong></span> <span class='ocrx_word' id='word_1_146' title='bbox 500 2162 577 2221; x_wconf 82' lang='lat' dir='ltr'><strong>enlm</strong></span> <span class='ocrx_word' id='word_1_147' title='bbox 593 2166 753 2216; x_wconf 75' lang='lat' dir='ltr'><strong>succederet</strong></span> <span class='ocrx_word' id='word_1_148' title='bbox 769 2163 902 2215; x_wconf 87' lang='lat' dir='ltr'><strong>interdum</strong></span> <span class='ocrx_word' id='word_1_149' title='bbox 917 2166 973 2216; x_wconf 85' lang='lat' dir='ltr'><strong>esi.</strong></span> <span class='ocrx_word' id='word_1_150' title='bbox 1013 2164 1068 2214; x_wconf 80' lang='lat' dir='ltr'><strong>sed</strong></span> <span class='ocrx_word' id='word_1_151' title='bbox 1088 2162 1205 2226; x_wconf 86' lang='lat' dir='ltr'><strong>diiigen-</strong></span> 
     </span>
     <span class='ocr_line' id='line_1_20' title="bbox 153 2231 1205 2301; baseline -0.001 -18"><span class='ocrx_word' id='word_1_152' title='bbox 153 2231 219 2283; x_wconf 89' lang='lat' dir='ltr'><strong>tiori</strong></span> <span class='ocrx_word' id='word_1_153' title='bbox 243 2233 388 2283; x_wconf 86' lang='lat' dir='ltr'><strong>verborum</strong></span> <span class='ocrx_word' id='word_1_154' title='bbox 412 2233 598 2301; x_wconf 87' lang='lat' dir='ltr'><strong>collocationi,</strong></span> <span class='ocrx_word' id='word_1_155' title='bbox 622 2235 693 2299; x_wconf 82' lang='lat' dir='ltr'><strong>qaid</strong></span> <span class='ocrx_word' id='word_1_156' title='bbox 709 2237 755 2287; x_wconf 80' lang='lat' dir='ltr'><strong>ert</strong></span> <span class='ocrx_word' id='word_1_157' title='bbox 769 2235 863 2300; x_wconf 83' lang='lat' dir='ltr'><strong>euim,</strong></span> <span class='ocrx_word' id='word_1_158' title='bbox 885 2233 1053 2286; x_wconf 74' lang='lat' dir='ltr'><strong>incredibile</strong></span> <span class='ocrx_word' id='word_1_159' title='bbox 1068 2235 1113 2283; x_wconf 79' lang='lat' dir='ltr'><strong>ert</strong></span> <span class='ocrx_word' id='word_1_160' title='bbox 1128 2232 1205 2284; x_wconf 82' lang='lat' dir='ltr'><strong>euim</strong></span> 
     </span>
     <span class='ocr_line' id='line_1_21' title="bbox 154 2300 1205 2367; baseline 0 -16"><span class='ocrx_word' id='word_1_161' title='bbox 154 2300 341 2367; x_wconf 82' lang='lat' dir='ltr'><strong>similibusque</strong></span> <span class='ocrx_word' id='word_1_162' title='bbox 357 2302 450 2352; x_wconf 84' lang='lat' dir='ltr'><strong>nuilus</strong></span> <span class='ocrx_word' id='word_1_163' title='bbox 466 2302 553 2362; x_wconf 88' lang='lat' dir='ltr'><strong>potuit</strong></span> <span class='ocrx_word' id='word_1_164' title='bbox 568 2315 631 2352; x_wconf 88' lang='lat' dir='ltr'><strong>esse</strong></span> <span class='ocrx_word' id='word_1_165' title='bbox 644 2306 722 2354; x_wconf 82' lang='lat' dir='ltr'><strong>locus</strong></span> <span class='ocrx_word' id='word_1_166' title='bbox 736 2312 922 2366; x_wconf 80' lang='lat' dir='ltr'><strong>praeterquam</strong></span> <span class='ocrx_word' id='word_1_167' title='bbox 935 2305 963 2353; x_wconf 93' lang='lat' dir='ltr'><strong>in</strong></span> <span class='ocrx_word' id='word_1_168' title='bbox 976 2302 1118 2352; x_wconf 83' lang='lat' dir='ltr'><strong>sententiis</strong></span> <span class='ocrx_word' id='word_1_169' title='bbox 1129 2314 1205 2351; x_wconf 91' lang='lat' dir='ltr'><strong>com-</strong></span> 
     </span>
     <span class='ocr_line' id='line_1_22' title="bbox 152 2370 1205 2436; baseline -0.001 -14"><span class='ocrx_word' id='word_1_170' title='bbox 152 2370 289 2427; x_wconf 82' lang='lat' dir='ltr'><strong>munibus,</strong></span> <span class='ocrx_word' id='word_1_171' title='bbox 322 2371 426 2427; x_wconf 80' lang='lat' dir='ltr'><strong>Verum</strong></span> <span class='ocrx_word' id='word_1_172' title='bbox 445 2371 493 2421; x_wconf 88' lang='lat' dir='ltr'><strong>ubi</strong></span> <span class='ocrx_word' id='word_1_173' title='bbox 509 2372 658 2434; x_wconf 88' lang='lat' dir='ltr'><strong>praedicati</strong></span> <span class='ocrx_word' id='word_1_174' title='bbox 676 2386 755 2436; x_wconf 87' lang='lat' dir='ltr'><strong>quant</strong></span> <span class='ocrx_word' id='word_1_175' title='bbox 772 2373 970 2424; x_wconf 82' lang='lat' dir='ltr'><strong>observationis</strong></span> <span class='ocrx_word' id='word_1_176' title='bbox 985 2373 1072 2434; x_wconf 92' lang='lat' dir='ltr'><strong>potior</strong></span> <span class='ocrx_word' id='word_1_177' title='bbox 1087 2370 1141 2420; x_wconf 83' lang='lat' dir='ltr'><strong>init</strong></span> <span class='ocrx_word' id='word_1_178' title='bbox 1156 2384 1205 2421; x_wconf 87' lang='lat' dir='ltr'><strong>ra-</strong></span> 
     </span>
     <span class='ocr_line' id='line_1_23' title="bbox 153 2439 1204 2507; baseline -0.001 -17"><span class='ocrx_word' id='word_1_179' title='bbox 153 2440 210 2507; x_wconf 81' lang='lat' dir='ltr'><strong>tio,</strong></span> <span class='ocrx_word' id='word_1_180' title='bbox 232 2439 299 2490; x_wconf 88' lang='lat' dir='ltr'><strong>nibil</strong></span> <span class='ocrx_word' id='word_1_181' title='bbox 315 2439 467 2490; x_wconf 83' lang='lat' dir='ltr'><strong>discessum</strong></span> <span class='ocrx_word' id='word_1_182' title='bbox 483 2442 605 2492; x_wconf 82' lang='lat' dir='ltr'><strong>videmus</strong></span> <span class='ocrx_word' id='word_1_183' title='bbox 621 2443 656 2494; x_wconf 81' lang='lat' dir='ltr'><strong>ab</strong></span> <span class='ocrx_word' id='word_1_184' title='bbox 672 2457 725 2494; x_wconf 89' lang='lat' dir='ltr'><strong>usu</strong></span> <span class='ocrx_word' id='word_1_185' title='bbox 740 2442 861 2506; x_wconf 80' lang='lat' dir='ltr'><strong>vulgari.</strong></span> <span class='ocrx_word' id='word_1_186' title='bbox 892 2443 978 2492; x_wconf 85' lang='lat' dir='ltr'><strong>Velut</strong></span> <span class='ocrx_word' id='word_1_187' title='bbox 994 2443 1027 2490; x_wconf 89' lang='lat' dir='ltr'><strong>de</strong></span> <span class='ocrx_word' id='word_1_188' title='bbox 1044 2441 1078 2490; x_wconf 85' lang='lat' dir='ltr'><strong>ii.</strong></span> <span class='ocrx_word' id='word_1_189' title='bbox 1091 2441 1124 2489; x_wconf 87' lang='lat' dir='ltr'><strong>D.</strong></span> <span class='ocrx_word' id='word_1_190' title='bbox 1139 2440 1162 2504; x_wconf 87' lang='lat'><strong>1,</strong></span> <span class='ocrx_word' id='word_1_191' title='bbox 1177 2443 1204 2504; x_wconf 86' lang='lat'><strong>2,</strong></span> 
     </span>
     <span class='ocr_line' id='line_1_24' title="bbox 124 2508 1205 2575; baseline -0.007 -10"><span class='ocrx_word' id='word_1_192' title='bbox 124 2554 129 2565; x_wconf 94' lang='lat'><strong>.</strong></span> <span class='ocrx_word' id='word_1_193' title='bbox 153 2510 182 2563; x_wconf 79' lang='lat' dir='ltr'><strong>i.</strong></span> <span class='ocrx_word' id='word_1_194' title='bbox 205 2508 266 2562; x_wconf 71' lang='lat' dir='ltr'><strong>iter</strong></span> <span class='ocrx_word' id='word_1_195' title='bbox 289 2508 365 2559; x_wconf 84' lang='lat' dir='ltr'><strong>euim</strong></span> <span class='ocrx_word' id='word_1_196' title='bbox 387 2510 469 2560; x_wconf 69' lang='lat' dir='ltr'><strong>utillo</strong></span> <span class='ocrx_word' id='word_1_197' title='bbox 490 2513 543 2562; x_wconf 89' lang='lat' dir='ltr'><strong>est.</strong></span> <span class='ocrx_word' id='word_1_198' title='bbox 576 2512 691 2561; x_wconf 79' lang='lat' dir='ltr'><strong>Accedit</strong></span> <span class='ocrx_word' id='word_1_199' title='bbox 707 2513 776 2575; x_wconf 92' lang='lat' dir='ltr'><strong>quod</strong></span> <span class='ocrx_word' id='word_1_200' title='bbox 793 2511 923 2561; x_wconf 85' lang='lat' dir='ltr'><strong>orationis</strong></span> <span class='ocrx_word' id='word_1_201' title='bbox 940 2509 1040 2560; x_wconf 89' lang='lat' dir='ltr'><strong>leviter</strong></span> <span class='ocrx_word' id='word_1_202' title='bbox 1056 2510 1205 2558; x_wconf 81' lang='lat' dir='ltr'><strong>distractae</strong></span> 
     </span>
    </p>

    <p class='ocr_par' dir='ltr' id='par_1_5' title="bbox 151 2572 1205 2711">
     <span class='ocr_line' id='line_1_25' title="bbox 152 2572 1205 2648; baseline 0.005 -20"><span class='ocrx_word' id='word_1_203' title='bbox 152 2577 199 2629; x_wconf 86' lang='lat' dir='ltr'><strong>bic.</strong></span> <span class='ocrx_word' id='word_1_204' title='bbox 215 2585 258 2626; x_wconf 77' lang='lat' dir='ltr'><strong>est</strong></span> <span class='ocrx_word' id='word_1_205' title='bbox 274 2578 454 2633; x_wconf 84' lang='lat' dir='ltr'><strong>instituendus</strong></span> <span class='ocrx_word' id='word_1_206' title='bbox 473 2582 553 2631; x_wconf 85' lang='lat' dir='ltr'><strong>ordo:</strong></span> <span class='ocrx_word' id='word_1_207' title='bbox 575 2572 645 2648; x_wconf 74' lang='lat' dir='ltr'><strong>qitid</strong></span> <span class='ocrx_word' id='word_1_208' title='bbox 662 2581 738 2634; x_wconf 78' lang='lat' dir='ltr'><strong>euim</strong></span> <span class='ocrx_word' id='word_1_209' title='bbox 754 2583 799 2632; x_wconf 78' lang='lat' dir='ltr'><strong>eat</strong></span> <span class='ocrx_word' id='word_1_210' title='bbox 815 2581 892 2648; x_wconf 85' lang='lat' dir='ltr'><strong>quod</strong></span> <span class='ocrx_word' id='word_1_211' title='bbox 908 2579 996 2630; x_wconf 86' lang='lat' dir='ltr'><strong>scribi</strong></span> <span class='ocrx_word' id='word_1_212' title='bbox 1011 2579 1104 2644; x_wconf 81' lang='lat' dir='ltr'><strong>possit</strong></span> <span class='ocrx_word' id='word_1_213' title='bbox 1119 2579 1156 2630; x_wconf 83' lang='lat' dir='ltr'><strong>de</strong></span> <span class='ocrx_word' id='word_1_214' title='bbox 1167 2578 1205 2633; x_wconf 73' lang='lat' dir='ltr'><strong>iis</strong></span> 
     </span>
     <span class='ocr_line' id='line_1_26' title="bbox 151 2646 463 2711; baseline -0.006 -12"><span class='ocrx_word' id='word_1_215' title='bbox 151 2646 315 2711; x_wconf 72' lang='lat' dir='ltr'><strong>superioris</strong></span> <span class='ocrx_word' id='word_1_216' title='bbox 331 2649 463 2706; x_wconf 71' lang='lat' dir='ltr'><strong>celatis]</strong></span> 
     </span>
    </p>

    <p class='ocr_par' dir='ltr' id='par_1_6' title="bbox 187 2716 532 2777">
     <span class='ocr_line' id='line_1_27' title="bbox 187 2716 532 2777; baseline 0.009 -12"><span class='ocrx_word' id='word_1_217' title='bbox 187 2716 532 2777; x_wconf 54' lang='lat' dir='ltr'><strong>&amp;mmmmm</strong></span> 
     </span>
    </p>

    <p class='ocr_par' dir='ltr' id='par_1_7' title="bbox 153 2782 1207 3471">
     <span class='ocr_line' id='line_1_28' title="bbox 188 2782 1206 2848; baseline 0 -15"><span class='ocrx_word' id='word_1_218' title='bbox 188 2786 313 2834; x_wconf 85' lang='lat' dir='ltr'><strong>diceutes</strong></span> <span class='ocrx_word' id='word_1_219' title='bbox 330 2784 461 2844; x_wconf 83' lang='lat' dir='ltr'><strong>vidimus]</strong></span> <span class='ocrx_word' id='word_1_220' title='bbox 485 2787 613 2837; x_wconf 78' lang='lat' dir='ltr'><strong>diceutes</strong></span> <span class='ocrx_word' id='word_1_221' title='bbox 628 2783 792 2836; x_wconf 84' lang='lat' dir='ltr'><strong>audicimus</strong></span> <span class='ocrx_word' id='word_1_222' title='bbox 809 2782 971 2848; x_wconf 74' lang='lat' dir='ltr'><strong>subitatos,</strong></span> <span class='ocrx_word' id='word_1_223' title='bbox 990 2797 1025 2834; x_wconf 90' lang='lat' dir='ltr'><strong>ne</strong></span> <span class='ocrx_word' id='word_1_224' title='bbox 1036 2792 1206 2844; x_wconf 84' lang='lat' dir='ltr'><strong>repeteretur</strong></span> 
     </span>
     <span class='ocr_line' id='line_1_29' title="bbox 154 2853 1206 2920; baseline -0.002 -14"><span class='ocrx_word' id='word_1_225' title='bbox 154 2853 290 2906; x_wconf 76' lang='lat' dir='ltr'><strong>vidimus.</strong></span> <span class='ocrx_word' id='word_1_226' title='bbox 330 2855 383 2904; x_wconf 79' lang='lat' dir='ltr'><strong>Sed</strong></span> <span class='ocrx_word' id='word_1_227' title='bbox 399 2855 491 2904; x_wconf 88' lang='lat' dir='ltr'><strong>nescio</strong></span> <span class='ocrx_word' id='word_1_228' title='bbox 509 2868 544 2906; x_wconf 87' lang='lat' dir='ltr'><strong>au</strong></span> <span class='ocrx_word' id='word_1_229' title='bbox 563 2858 611 2903; x_wconf 90' lang='lat' dir='ltr'><strong>boc</strong></span> <span class='ocrx_word' id='word_1_230' title='bbox 629 2863 830 2906; x_wconf 77' lang='lat' dir='ltr'><strong>toleratorum</strong></span> <span class='ocrx_word' id='word_1_231' title='bbox 849 2869 919 2920; x_wconf 79' lang='lat' dir='ltr'><strong>quos</strong></span> <span class='ocrx_word' id='word_1_232' title='bbox 934 2854 1090 2918; x_wconf 80' lang='lat' dir='ltr'><strong>aliquando</strong></span> <span class='ocrx_word' id='word_1_233' title='bbox 1107 2856 1206 2904; x_wconf 85' lang='lat' dir='ltr'><strong>dicen·</strong></span> 
     </span>
     <span class='ocr_line' id='line_1_30' title="bbox 153 2922 1207 2990; baseline -0.002 -14"><span class='ocrx_word' id='word_1_234' title='bbox 153 2928 200 2976; x_wconf 83' lang='lat' dir='ltr'><strong>tet</strong></span> <span class='ocrx_word' id='word_1_235' title='bbox 217 2922 340 2973; x_wconf 82' lang='lat' dir='ltr'><strong>vidimus</strong></span> <span class='ocrx_word' id='word_1_236' title='bbox 358 2930 451 2972; x_wconf 89' lang='lat' dir='ltr'><strong>natum</strong></span> <span class='ocrx_word' id='word_1_237' title='bbox 469 2923 506 2973; x_wconf 90' lang='lat' dir='ltr'><strong>sit</strong></span> <span class='ocrx_word' id='word_1_238' title='bbox 524 2924 682 2974; x_wconf 83' lang='lat' dir='ltr'><strong>exitiorum</strong></span> <span class='ocrx_word' id='word_1_239' title='bbox 700 2924 935 2990; x_wconf 81' lang='lat' dir='ltr'><strong>interpretatione,</strong></span> <span class='ocrx_word' id='word_1_240' title='bbox 958 2925 993 2983; x_wconf 72' lang='lat' dir='ltr'><strong>de</strong></span> <span class='ocrx_word' id='word_1_241' title='bbox 1013 2924 1050 2975; x_wconf 83' lang='lat' dir='ltr'><strong>iis</strong></span> <span class='ocrx_word' id='word_1_242' title='bbox 1066 2937 1137 2989; x_wconf 83' lang='lat' dir='ltr'><strong>quos</strong></span> <span class='ocrx_word' id='word_1_243' title='bbox 1150 2925 1207 2988; x_wconf 79' lang='lat' dir='ltr'><strong>ipsi</strong></span> 
     </span>
     <span class='ocr_line' id='line_1_31' title="bbox 153 2992 1205 3057; baseline -0.007 -12"><span class='ocrx_word' id='word_1_244' title='bbox 153 2993 297 3045; x_wconf 80' lang='lat' dir='ltr'><strong>uidimus:</strong></span> <span class='ocrx_word' id='word_1_245' title='bbox 325 2999 466 3054; x_wconf 85' lang='lat' dir='ltr'><strong>utrumque</strong></span> <span class='ocrx_word' id='word_1_246' title='bbox 488 2992 560 3042; x_wconf 88' lang='lat' dir='ltr'><strong>euim</strong></span> <span class='ocrx_word' id='word_1_247' title='bbox 577 3006 657 3042; x_wconf 87' lang='lat' dir='ltr'><strong>unum</strong></span> <span class='ocrx_word' id='word_1_248' title='bbox 675 2992 812 3057; x_wconf 83' lang='lat' dir='ltr'><strong>idemque,</strong></span> <span class='ocrx_word' id='word_1_249' title='bbox 843 3007 894 3042; x_wconf 89' lang='lat' dir='ltr'><strong>nec</strong></span> <span class='ocrx_word' id='word_1_250' title='bbox 911 3005 992 3042; x_wconf 86' lang='lat' dir='ltr'><strong>ovum</strong></span> <span class='ocrx_word' id='word_1_251' title='bbox 1010 3005 1062 3043; x_wconf 85' lang='lat' dir='ltr'><strong>ovo</strong></span> <span class='ocrx_word' id='word_1_252' title='bbox 1079 2994 1205 3042; x_wconf 84' lang='lat' dir='ltr'><strong>similius.</strong></span> 
     </span>
     <span class='ocr_line' id='line_1_32' title="bbox 155 3061 1206 3125; baseline 0 -14"><span class='ocrx_word' id='word_1_253' title='bbox 155 3062 323 3123; x_wconf 71' lang='lat' dir='ltr'><strong>[Similitudo</strong></span> <span class='ocrx_word' id='word_1_254' title='bbox 349 3061 454 3124; x_wconf 88' lang='lat' dir='ltr'><strong>quidem</strong></span> <span class='ocrx_word' id='word_1_255' title='bbox 475 3061 531 3112; x_wconf 82' lang='lat' dir='ltr'><strong>isla</strong></span> <span class='ocrx_word' id='word_1_256' title='bbox 553 3074 605 3111; x_wconf 84' lang='lat' dir='ltr'><strong>uon</strong></span> <span class='ocrx_word' id='word_1_257' title='bbox 631 3063 698 3112; x_wconf 89' lang='lat' dir='ltr'><strong>adeo</strong></span> <span class='ocrx_word' id='word_1_258' title='bbox 721 3062 864 3125; x_wconf 84' lang='lat' dir='ltr'><strong>notabilis,</strong></span> <span class='ocrx_word' id='word_1_259' title='bbox 894 3064 997 3121; x_wconf 79' lang='lat' dir='ltr'><strong>nulium</strong></span> <span class='ocrx_word' id='word_1_260' title='bbox 1013 3070 1044 3111; x_wconf 90' lang='lat' dir='ltr'><strong>ut</strong></span> <span class='ocrx_word' id='word_1_261' title='bbox 1061 3063 1206 3111; x_wconf 83' lang='lat' dir='ltr'><strong>discrimen</strong></span> 
     </span>
     <span class='ocr_line' id='line_1_33' title="bbox 156 3129 1206 3194; baseline -0.005 -11"><span class='ocrx_word' id='word_1_262' title='bbox 156 3139 203 3184; x_wconf 82' lang='lat' dir='ltr'><strong>aut</strong></span> <span class='ocrx_word' id='word_1_263' title='bbox 221 3129 356 3193; x_wconf 86' lang='lat' dir='ltr'><strong>loquentis</strong></span> <span class='ocrx_word' id='word_1_264' title='bbox 373 3131 514 3180; x_wconf 86' lang='lat' dir='ltr'><strong>consilium</strong></span> <span class='ocrx_word' id='word_1_265' title='bbox 533 3131 620 3194; x_wconf 80' lang='lat' dir='ltr'><strong>possit</strong></span> <span class='ocrx_word' id='word_1_266' title='bbox 635 3131 766 3193; x_wconf 77' lang='lat' dir='ltr'><strong>indagari.</strong></span> <span class='ocrx_word' id='word_1_267' title='bbox 807 3132 887 3181; x_wconf 83' lang='lat' dir='ltr'><strong>Prius</strong></span> <span class='ocrx_word' id='word_1_268' title='bbox 905 3132 975 3180; x_wconf 84' lang='lat' dir='ltr'><strong>enim</strong></span> <span class='ocrx_word' id='word_1_269' title='bbox 992 3132 1139 3183; x_wconf 87' lang='lat' dir='ltr'><strong>membrum</strong></span> <span class='ocrx_word' id='word_1_270' title='bbox 1157 3145 1206 3179; x_wconf 84' lang='lat' dir='ltr'><strong>su-</strong></span> 
     </span>
     <span class='ocr_line' id='line_1_34' title="bbox 153 3200 1206 3264; baseline -0.001 -15"><span class='ocrx_word' id='word_1_271' title='bbox 153 3200 306 3264; x_wconf 81' lang='lat' dir='ltr'><strong>perioribus</strong></span> <span class='ocrx_word' id='word_1_272' title='bbox 322 3201 456 3264; x_wconf 83' lang='lat' dir='ltr'><strong>retertur,</strong></span> <span class='ocrx_word' id='word_1_273' title='bbox 479 3211 546 3264; x_wconf 85' lang='lat' dir='ltr'><strong>quos</strong></span> <span class='ocrx_word' id='word_1_274' title='bbox 566 3201 663 3250; x_wconf 83' lang='lat' dir='ltr'><strong>Cicero</strong></span> <span class='ocrx_word' id='word_1_275' title='bbox 680 3210 795 3250; x_wconf 87' lang='lat' dir='ltr'><strong>autnon</strong></span> <span class='ocrx_word' id='word_1_276' title='bbox 814 3201 872 3262; x_wconf 83' lang='lat' dir='ltr'><strong>ipse</strong></span> <span class='ocrx_word' id='word_1_277' title='bbox 889 3201 1005 3250; x_wconf 83' lang='lat' dir='ltr'><strong>vidisset</strong></span> <span class='ocrx_word' id='word_1_278' title='bbox 1023 3208 1070 3251; x_wconf 86' lang='lat' dir='ltr'><strong>aut</strong></span> <span class='ocrx_word' id='word_1_279' title='bbox 1087 3201 1206 3250; x_wconf 86' lang='lat' dir='ltr'><strong>nesciret</strong></span> 
     </span>
     <span class='ocr_line' id='line_1_35' title="bbox 154 3269 1207 3338; baseline -0.002 -19"><span class='ocrx_word' id='word_1_280' title='bbox 154 3269 335 3332; x_wconf 89' lang='lat' dir='ltr'><strong>eloquentiam</strong></span> <span class='ocrx_word' id='word_1_281' title='bbox 352 3269 485 3338; x_wconf 85' lang='lat' dir='ltr'><strong>coluisse,</strong></span> <span class='ocrx_word' id='word_1_282' title='bbox 503 3269 603 3333; x_wconf 86' lang='lat' dir='ltr'><strong>quippe</strong></span> <span class='ocrx_word' id='word_1_283' title='bbox 619 3281 730 3333; x_wconf 89' lang='lat' dir='ltr'><strong>quorum</strong></span> <span class='ocrx_word' id='word_1_284' title='bbox 744 3270 808 3318; x_wconf 85' lang='lat' dir='ltr'><strong>uiitii</strong></span> <span class='ocrx_word' id='word_1_285' title='bbox 821 3277 926 3319; x_wconf 81' lang='lat' dir='ltr'><strong>extaret</strong></span> <span class='ocrx_word' id='word_1_286' title='bbox 941 3271 1099 3320; x_wconf 89' lang='lat' dir='ltr'><strong>litterarum.</strong></span> <span class='ocrx_word' id='word_1_287' title='bbox 1134 3270 1207 3319; x_wconf 83' lang='lat' dir='ltr'><strong>Gou-</strong></span> 
     </span>
     <span class='ocr_line' id='line_1_36' title="bbox 155 3338 1207 3400; baseline 0.001 -13"><span class='ocrx_word' id='word_1_288' title='bbox 155 3347 199 3388; x_wconf 86' lang='lat' dir='ltr'><strong>tra</strong></span> <span class='ocrx_word' id='word_1_289' title='bbox 216 3350 282 3399; x_wconf 87' lang='lat' dir='ltr'><strong>quos</strong></span> <span class='ocrx_word' id='word_1_290' title='bbox 300 3346 328 3387; x_wconf 89' lang='lat' dir='ltr'><strong>et</strong></span> <span class='ocrx_word' id='word_1_291' title='bbox 345 3340 473 3400; x_wconf 78' lang='lat' dir='ltr'><strong>aequales</strong></span> <span class='ocrx_word' id='word_1_292' title='bbox 490 3338 612 3390; x_wconf 87' lang='lat' dir='ltr'><strong>babuerit</strong></span> <span class='ocrx_word' id='word_1_293' title='bbox 628 3346 656 3388; x_wconf 90' lang='lat' dir='ltr'><strong>et</strong></span> <span class='ocrx_word' id='word_1_294' title='bbox 672 3338 701 3386; x_wconf 92' lang='lat' dir='ltr'><strong>in</strong></span> <span class='ocrx_word' id='word_1_295' title='bbox 718 3339 811 3388; x_wconf 85' lang='lat' dir='ltr'><strong>causis</strong></span> <span class='ocrx_word' id='word_1_296' title='bbox 830 3339 973 3400; x_wconf 85' lang='lat' dir='ltr'><strong>aliquando</strong></span> <span class='ocrx_word' id='word_1_297' title='bbox 987 3348 1113 3391; x_wconf 86' lang='lat' dir='ltr'><strong>versatos</strong></span> <span class='ocrx_word' id='word_1_298' title='bbox 1127 3341 1207 3390; x_wconf 83' lang='lat' dir='ltr'><strong>vide-</strong></span> 
     </span>
     <span class='ocr_line' id='line_1_37' title="bbox 153 3407 942 3471; baseline -0.001 -13"><span class='ocrx_word' id='word_1_299' title='bbox 153 3408 206 3469; x_wconf 83' lang='lat' dir='ltr'><strong>rit,</strong></span> <span class='ocrx_word' id='word_1_300' title='bbox 230 3418 320 3456; x_wconf 85' lang='lat' dir='ltr'><strong>eorum</strong></span> <span class='ocrx_word' id='word_1_301' title='bbox 338 3408 469 3457; x_wconf 85' lang='lat' dir='ltr'><strong>nemiuem</strong></span> <span class='ocrx_word' id='word_1_302' title='bbox 486 3421 517 3457; x_wconf 90' lang='lat' dir='ltr'><strong>se</strong></span> <span class='ocrx_word' id='word_1_303' title='bbox 535 3407 787 3471; x_wconf 81' lang='lat' dir='ltr'><strong>praetermissurum</strong></span> <span class='ocrx_word' id='word_1_304' title='bbox 804 3407 942 3468; x_wconf 82' lang='lat' dir='ltr'><strong>ostendit]</strong></span> 
     </span>
    </p>

    <p class='ocr_par' dir='ltr' id='par_1_8' title="bbox 190 3476 580 3541">
     <span class='ocr_line' id='line_1_38' title="bbox 190 3476 580 3541; baseline 0 -16"><span class='ocrx_word' id='word_1_305' title='bbox 190 3476 251 3530; x_wconf 72' lang='lat'><strong>182.</strong></span> <span class='ocrx_word' id='word_1_306' title='bbox 286 3476 364 3534; x_wconf 88' lang='lat' dir='ltr'><strong>sciri]</strong></span> <span class='ocrx_word' id='word_1_307' title='bbox 387 3477 464 3527; x_wconf 84' lang='lat' dir='ltr'><strong>scire</strong></span> <span class='ocrx_word' id='word_1_308' title='bbox 481 3479 522 3526; x_wconf 90' lang='lat' dir='ltr'><strong>ed.</strong></span> <span class='ocrx_word' id='word_1_309' title='bbox 539 3492 580 3541; x_wconf 87' lang='lat' dir='ltr'><strong>pr.</strong></span> 
     </span>
    </p>

    <p class='ocr_par' dir='ltr' id='par_1_9' title="bbox 191 3546 531 3607">
     <span class='ocr_line' id='line_1_39' title="bbox 191 3546 531 3607; baseline 0.009 -15"><span class='ocrx_word' id='word_1_310' title='bbox 191 3546 298 3603; x_wconf 86' lang='lat' dir='ltr'><strong>omnes]</strong></span> <span class='ocrx_word' id='word_1_311' title='bbox 323 3546 415 3595; x_wconf 86' lang='lat' dir='ltr'><strong>omnis</strong></span> <span class='ocrx_word' id='word_1_312' title='bbox 432 3547 473 3595; x_wconf 88' lang='lat' dir='ltr'><strong>ed.</strong></span> <span class='ocrx_word' id='word_1_313' title='bbox 491 3559 531 3607; x_wconf 90' lang='lat' dir='ltr'><strong>pr.</strong></span> 
     </span>
    </p>

    <p class='ocr_par' dir='ltr' id='par_1_10' title="bbox 155 3612 1208 3885">
     <span class='ocr_line' id='line_1_40' title="bbox 190 3612 1207 3678; baseline 0.001 -17"><span class='ocrx_word' id='word_1_314' title='bbox 190 3614 378 3672; x_wconf 84' lang='lat' dir='ltr'><strong>clamatorem]</strong></span> <span class='ocrx_word' id='word_1_315' title='bbox 391 3615 615 3666; x_wconf 81' lang='lat' dir='ltr'><strong>declamatorem</strong></span> <span class='ocrx_word' id='word_1_316' title='bbox 628 3615 784 3665; x_wconf 80' lang='lat' dir='ltr'><strong>Gotbotrcd.</strong></span> <span class='ocrx_word' id='word_1_317' title='bbox 797 3614 927 3678; x_wconf 86' lang='lat' dir='ltr'><strong>probante</strong></span> <span class='ocrx_word' id='word_1_318' title='bbox 944 3614 1055 3663; x_wconf 77' lang='lat' dir='ltr'><strong>Scbbtz.</strong></span> <span class='ocrx_word' id='word_1_319' title='bbox 1084 3612 1207 3664; x_wconf 84' lang='lat' dir='ltr'><strong>Deorat.</strong></span> 
     </span>
     <span class='ocr_line' id='line_1_41' title="bbox 155 3681 1208 3747; baseline -0.001 -14"><span class='ocrx_word' id='word_1_320' title='bbox 155 3682 215 3747; x_wconf 84' lang='lat'>111,</span> <span class='ocrx_word' id='word_1_321' title='bbox 233 3684 277 3732; x_wconf 83' lang='lat'><strong>21.</strong></span> <span class='ocrx_word' id='word_1_322' title='bbox 301 3682 394 3733; x_wconf 86' lang='lat' dir='ltr'><strong>odiosi</strong></span> <span class='ocrx_word' id='word_1_323' title='bbox 417 3685 447 3734; x_wconf 87' lang='lat' dir='ltr'><strong>et</strong></span> <span class='ocrx_word' id='word_1_324' title='bbox 469 3685 583 3735; x_wconf 82' lang='lat' dir='ltr'><strong>ntoleali</strong></span> <span class='ocrx_word' id='word_1_325' title='bbox 599 3686 773 3737; x_wconf 81' lang='lat' dir='ltr'><strong>clamatores</strong></span> <span class='ocrx_word' id='word_1_326' title='bbox 779 3695 791 3742; x_wconf 71' lang='lat'><em>3</em></span> <span class='ocrx_word' id='word_1_327' title='bbox 828 3692 856 3733; x_wconf 90' lang='lat' dir='ltr'><strong>et</strong></span> <span class='ocrx_word' id='word_1_328' title='bbox 876 3685 912 3733; x_wconf 88' lang='lat' dir='ltr'><strong>ib.</strong></span> <span class='ocrx_word' id='word_1_329' title='bbox 930 3681 974 3734; x_wconf 75' lang='lat'><strong>³4.</strong></span> <span class='ocrx_word' id='word_1_330' title='bbox 990 3681 1133 3734; x_wconf 84' lang='lat' dir='ltr'><strong>Periclem</strong></span> <span class='ocrx_word' id='word_1_331' title='bbox 1149 3696 1208 3732; x_wconf 81' lang='lat' dir='ltr'><strong>nom</strong></span> 
     </span>
     <span class='ocr_line' id='line_1_42' title="bbox 156 3752 1208 3817; baseline -0.001 -15"><span class='ocrx_word' id='word_1_332' title='bbox 156 3752 300 3802; x_wconf 82' lang='lat' dir='ltr'><strong>clamator</strong></span> <span class='ocrx_word' id='word_1_333' title='bbox 323 3753 429 3817; x_wconf 79' lang='lat' dir='ltr'><strong>aliquia</strong></span> <span class='ocrx_word' id='word_1_334' title='bbox 447 3753 564 3804; x_wconf 82' lang='lat' dir='ltr'><strong>latrare</strong></span> <span class='ocrx_word' id='word_1_335' title='bbox 586 3756 737 3806; x_wconf 81' lang='lat' dir='ltr'><strong>docuerat.</strong></span> <span class='ocrx_word' id='word_1_336' title='bbox 775 3753 891 3805; x_wconf 77' lang='lat' dir='ltr'><strong>idione</strong></span> <span class='ocrx_word' id='word_1_337' title='bbox 908 3753 1058 3804; x_wconf 87' lang='lat' dir='ltr'><strong>sententiae</strong></span> <span class='ocrx_word' id='word_1_338' title='bbox 1075 3752 1208 3816; x_wconf 80' lang='lat' dir='ltr'><strong>congruit,</strong></span> 
     </span>
     <span class='ocr_line' id='line_1_43' title="bbox 155 3821 589 3885; baseline 0 -14"><span class='ocrx_word' id='word_1_339' title='bbox 155 3832 209 3885; x_wconf 91' lang='lat' dir='ltr'><strong>quo</strong></span> <span class='ocrx_word' id='word_1_340' title='bbox 227 3821 299 3870; x_wconf 86' lang='lat' dir='ltr'><strong>viles</strong></span> <span class='ocrx_word' id='word_1_341' title='bbox 316 3828 438 3871; x_wconf 86' lang='lat' dir='ltr'><strong>oratores</strong></span> <span class='ocrx_word' id='word_1_342' title='bbox 456 3831 589 3872; x_wconf 85' lang='lat' dir='ltr'><strong>notentur.</strong></span> 
     </span>
    </p>

    <p class='ocr_par' dir='ltr' id='par_1_11' title="bbox 192 3890 853 3958">
     <span class='ocr_line' id='line_1_44' title="bbox 192 3890 853 3958; baseline -0.002 -17"><span class='ocrx_word' id='word_1_343' title='bbox 192 3890 253 3942; x_wconf 78' lang='lat'><strong>183.</strong></span> <span class='ocrx_word' id='word_1_344' title='bbox 287 3890 379 3955; x_wconf 82' lang='lat' dir='ltr'><strong>uulgi]</strong></span> <span class='ocrx_word' id='word_1_345' title='bbox 402 3891 481 3958; x_wconf 79' lang='lat' dir='ltr'><strong>culpi</strong></span> <span class='ocrx_word' id='word_1_346' title='bbox 496 3892 577 3949; x_wconf 79' lang='lat' dir='ltr'><strong>(item</strong></span> <span class='ocrx_word' id='word_1_347' title='bbox 593 3890 736 3957; x_wconf 87' lang='lat' dir='ltr'><strong>deinceps)</strong></span> <span class='ocrx_word' id='word_1_348' title='bbox 752 3893 795 3940; x_wconf 88' lang='lat' dir='ltr'><strong>ed.</strong></span> <span class='ocrx_word' id='word_1_349' title='bbox 811 3904 853 3956; x_wconf 86' lang='lat' dir='ltr'><strong>pr.</strong></span> 
     </span>
    </p>
   </div>
   <div class='ocr_carea' id='block_1_5' title="bbox 123 4020 1209 4252">
    <p class='ocr_par' dir='ltr' id='par_1_12' title="bbox 123 4020 1209 4252">
     <span class='ocr_line' id='line_1_45' title="bbox 175 4020 1209 4115; baseline -0.001 -20"><span class='ocrx_word' id='word_1_350' title='bbox 175 4048 236 4100; x_wconf 73' lang='lat' dir='ltr'><strong>taz.</strong></span> <span class='ocrx_word' id='word_1_351' title='bbox 271 4020 359 4098; x_wconf 72' lang='lat' dir='ltr'><strong>lulius</strong></span> <span class='ocrx_word' id='word_1_352' title='bbox 370 4046 562 4108; x_wconf 79' lang='lat' dir='ltr'><strong>-Antistius1</strong></span> <span class='ocrx_word' id='word_1_353' title='bbox 585 4045 645 4097; x_wconf 83' lang='lat' dir='ltr'><strong>lio-</strong></span> <span class='ocrx_word' id='word_1_354' title='bbox 689 4043 854 4115; x_wconf 85' lang='lat' dir='ltr'><strong>scribuntur,</strong></span> <span class='ocrx_word' id='word_1_355' title='bbox 869 4045 985 4112; x_wconf 75' lang='lat' dir='ltr'><strong>verim,</strong></span> <span class='ocrx_word' id='word_1_356' title='bbox 998 4041 1111 4110; x_wconf 76' lang='lat' dir='ltr'><strong>Fufius,</strong></span> <span class='ocrx_word' id='word_1_357' title='bbox 1128 4046 1209 4095; x_wconf 83' lang='lat' dir='ltr'><strong>Dra-</strong></span> 
     </span>
     <span class='ocr_line' id='line_1_46' title="bbox 123 4113 1208 4180; baseline -0.002 -16"><span class='ocrx_word' id='word_1_358' title='bbox 123 4115 282 4167; x_wconf 82' lang='lat' dir='ltr'><strong>rumiulius</strong></span> <span class='ocrx_word' id='word_1_359' title='bbox 297 4129 381 4178; x_wconf 87' lang='lat' dir='ltr'><strong>aupra</strong></span> <span class='ocrx_word' id='word_1_360' title='bbox 388 4118 513 4170; x_wconf 83' lang='lat' dir='ltr'><strong>laudatus</strong></span> <span class='ocrx_word' id='word_1_361' title='bbox 527 4118 554 4167; x_wconf 90' lang='lat' dir='ltr'><strong>in</strong></span> <span class='ocrx_word' id='word_1_362' title='bbox 568 4129 592 4165; x_wconf 90' lang='lat' dir='ltr'><strong>c.</strong></span> <span class='ocrx_word' id='word_1_363' title='bbox 600 4113 646 4167; x_wconf 87' lang='grc'><strong>48.</strong></span> <span class='ocrx_word' id='word_1_364' title='bbox 688 4129 739 4167; x_wconf 82' lang='lat' dir='ltr'><strong>sus</strong></span> <span class='ocrx_word' id='word_1_365' title='bbox 753 4131 777 4166; x_wconf 90' lang='lat' dir='ltr'><strong>c.</strong></span> <span class='ocrx_word' id='word_1_366' title='bbox 792 4120 837 4166; x_wconf 75' lang='lat'><strong>62.</strong></span> <span class='ocrx_word' id='word_1_367' title='bbox 861 4113 1033 4180; x_wconf 79' lang='lat' dir='ltr'><strong>Pomponius</strong></span> <span class='ocrx_word' id='word_1_368' title='bbox 1046 4128 1070 4164; x_wconf 85' lang='lat' dir='ltr'><strong>c.</strong></span> <span class='ocrx_word' id='word_1_369' title='bbox 1085 4114 1127 4166; x_wconf 85' lang='lat'><strong>57.</strong></span> <span class='ocrx_word' id='word_1_370' title='bbox 1151 4114 1208 4165; x_wconf 79' lang='lat' dir='ltr'><strong>Cu-</strong></span> 
     </span>
     <span class='ocr_line' id='line_1_47' title="bbox 126 4184 1209 4252; baseline -0.001 -19"><span class='ocrx_word' id='word_1_371' title='bbox 126 4184 212 4235; x_wconf 77' lang='lat' dir='ltr'><strong>colte</strong></span> <span class='ocrx_word' id='word_1_372' title='bbox 230 4195 258 4236; x_wconf 87' lang='lat' dir='ltr'><strong>et</strong></span> <span class='ocrx_word' id='word_1_373' title='bbox 276 4186 421 4252; x_wconf 78' lang='lat' dir='ltr'><strong>sulpicius</strong></span> <span class='ocrx_word' id='word_1_374' title='bbox 442 4202 467 4238; x_wconf 85' lang='lat' dir='ltr'><strong>c.</strong></span> <span class='ocrx_word' id='word_1_375' title='bbox 481 4185 525 4241; x_wconf 78' lang='lat'><strong>55.</strong></span> <span class='ocrx_word' id='word_1_376' title='bbox 539 4200 578 4252; x_wconf 90' lang='lat' dir='ltr'><strong>sq.</strong></span> <span class='ocrx_word' id='word_1_377' title='bbox 597 4187 647 4236; x_wconf 87' lang='lat' dir='ltr'><strong>do·</strong></span> <span class='ocrx_word' id='word_1_378' title='bbox 690 4185 738 4237; x_wconf 86' lang='lat' dir='ltr'><strong>rio</strong></span> <span class='ocrx_word' id='word_1_379' title='bbox 752 4199 777 4237; x_wconf 89' lang='lat' dir='ltr'><strong>c.</strong></span> <span class='ocrx_word' id='word_1_380' title='bbox 789 4186 832 4238; x_wconf 77' lang='lat'><strong>⁵8.</strong></span> <span class='ocrx_word' id='word_1_381' title='bbox 849 4187 957 4237; x_wconf 86' lang='lat' dir='ltr'><strong>tandem</strong></span> <span class='ocrx_word' id='word_1_382' title='bbox 968 4184 1112 4236; x_wconf 77' lang='lat' dir='ltr'><strong>Antistius</strong></span> <span class='ocrx_word' id='word_1_383' title='bbox 1129 4196 1154 4235; x_wconf 90' lang='lat' dir='ltr'><strong>o.</strong></span> <span class='ocrx_word' id='word_1_384' title='bbox 1166 4184 1209 4234; x_wconf 79' lang='lat' dir='ltr'><strong>dt.</strong></span> 
     </span>
    </p>
   </div>
   <div class='ocr_carea' id='block_1_6' title="bbox 0 0 1343 4748">
    <p class='ocr_par' dir='ltr' id='par_1_13' title="bbox 0 0 1343 4748">
     <span class='ocr_line' id='line_1_48' title="bbox 0 0 1343 4748; baseline 0 0"><span class='ocrx_word' id='word_1_385' title='bbox 0 0 1343 4748; x_wconf 95' lang='lat' dir='ltr'><strong> </strong></span> 
     </span>
    </p>
   </div>
  </div>
 </body>
</html>
