2676 4748
117 207 220 382 ιιι,
290 208 294 219 ’
537 264 779 365 annuus.

118 464 232 540 stitit:
258 469 295 533 et
315 462 471 533 nimirum
490 465 523 534 is
544 465 701 554 princeps
723 483 765 531 ex
785 459 919 530 Latinis
941 458 1003 528 illa
1025 437 1199 534 elatorum

119 551 261 646 propria
281 548 316 618 ot
335 554 432 641 quasi
443 555 603 639 legitimo
616 574 717 644 opera
732 551 908 631 tractavit,
929 558 968 615 ut
981 547 1201 634 egrederetur

120 664 148 719 ‚a
163 640 338 730 proposito
352 640 493 707 ornandi
507 664 627 723 causa,
649 648 688 706 ut
700 637 883 705 delectaret
897 640 1042 716 animos,
1064 642 1104 702 ut
1122 649 1200 724 per·-

46 776 48 780 .
121 734 292 809 moueret,
312 735 352 795 ut
366 730 504 814 augeret
518 751 607 808 rem,
628 734 667 794 ut
683 726 974 805 miserationibus,
996 735 1036 790 ut
1052 745 1200 790 commu-

124 815 226 903 nibus
248 814 333 882 loeis
356 824 522 885 uteretur.
566 813 636 884 Sed
652 817 765 882 nescio
780 813 943 900 quomodo
959 813 1078 892 huius,
1100 833 1219 898 quem.

73 940 79 945 ·
125 910 259 970 constat
280 902 469 989 eloquentia
492 903 724 992 praestitisse,
754 902 909 967 exiliores
925 902 1094 983 orationes
1111 906 1203 978 sunt,

123 997 161 1056 et
172 988 361 1057 redolentes
378 991 483 1076 magis
499 991 731 1077 antiquitatem
746 1011 844 1076 quam
859 999 917 1054 aut
931 987 1040 1054 Laelii
1055 995 1114 1069 aut
1127 985 1203 1053 Sci·
1242 1035 1246 1041 .

124 1078 236 1183 pionis
261 1083 321 1143 aut
341 1078 442 1142 etiam
460 1079 572 1168 ipsius
595 1076 754 1158 Catonis,
774 1076 888 1165 itaquo
904 1080 1124 1154 exaruerunt,
1145 1073 1203 1141 vix

51 1166 53 1173 ⁴
124 1186 192 1237 tam
206 1170 246 1232 ut
261 1171 456 1254 appareant.
636 1231 639 1238 ,

222 1253 282 1322 83.
316 1250 373 1318 Do
396 1249 505 1340 ipsius
524 1249 635 1317 Laelii
657 1254 693 1316 et
715 1242 883 1338 Scipionis
902 1247 1052 1336 ingenio,
1086 1267 1204 1334 quum-

126 1360 227 1430 qnam
251 1361 290 1405 ea
311 1348 366 1405 est
389 1341 473 1422 iam,
501 1345 541 1405 ut
561 1337 744 1430 plurimum
762 1338 931 1405 tribuatur
947 1334 1128 1416 ambobus,
1150 1333 1204 1401 di-

196 1498 384 1562 egrederetur]
410 1498 478 1549 item
490 1498 532 1551 ed.
548 1510 587 1561 pr.
617 1497 828 1564 depretiaretur
844 1496 937 1547 hamb.
972 1484 1084 1556 [Deltnlt
1097 1492 1145 1542 ilie
1157 1489 1206 1559 di·

160 1570 348 1636 predaretur.
383 1569 530 1627 Sedrecte
549 1569 675 1620 sehabet
691 1568 806 1617 editum:
828 1579 892 1616 nam
904 1563 988 1616 latius
1000 1563 1086 1625 patuit
1102 1573 1204 1630 sprea-

162 1652 213 1689 sus
236 1639 295 1686 sive
313 1639 457 1705 cereseio,
480 1639 603 1705 incest,
626 1637 742 1691 alicuius
759 1635 816 1702 rei,
840 1637 889 1684 sed
900 1637 936 1686 ad
947 1633 1091 1684 utilitatem
1103 1643 1205 1683 causae
1231 1669 1234 1676 «

162 1705 336 1771 pertinentis,
355 1715 432 1759 extra
447 1708 565 1757 ordinem
579 1707 669 1768 posita
681 1705 817 1772 tractatio,
837 1716 904 1767 quae
918 1701 1106 1766 permovendis
1119 1700 1146 1750 in
1159 1700 1204 1751 ai-

162 1775 279 1826 tectibus
293 1775 390 1826 callide
405 1784 562 1827 versaretur
580 1777 623 1835 [r.
638 1774 749 1834 Quintil.
763 1775 813 1841 lV,
832 1778 867 1840 ³,
888 1774 929 1822 12.
946 1774 1017 1834 15.];
1042 1769 1204 1836 dipressio-

163 1857 214 1896 nes
237 1851 326 1896 autem
350 1845 472 1896 solebant
495 1843 566 1895 iutra
590 1844 735 1908 historicas
758 1841 953 1904 descriptiones
975 1848 1003 1892 et
1019 1840 1222 1904 expositiones·

162 1913 273 1979 panium
287 1913 435 1965 ornatiores
451 1911 622 1973 subsistere]
1188 1923 1190 1930 ·

198 1991 229 2033 nt
243 1989 445 2043 permoveret·
456 1984 526 2041 rem]
545 1984 597 2032 ont
609 1981 794 2047 permoveret
804 1980 858 2032 out
870 1978 973 2048 operat
985 1989 1050 2030 rem
1066 1977 1108 2028 ed.
1122 1988 1166 2039 pr.

196 2049 283 2112 ipsius
297 2050 422 2110 Catonis]
447 2051 537 2116 ipsios
555 2063 605 2102 om.
620 2053 662 2101 cd.
674 2064 716 2112 pr.

198 2121 374 2178 exaruerunt]
403 2120 447 2170 sic
466 2122 526 2170 edd.
548 2127 616 2170 vett.
650 2118 673 2169 1.
693 2132 718 2169 e.
737 2123 887 2170 rarescunt.
926 2115 1110 2168 'evanuerunt
1134 2112 1206 2165 Pur·
1251 2135 1259 2147 ν

165 2188 238 2252 guidi
256 2197 430 2242 commentum
449 2190 595 2242 Schiitzius
608 2186 749 2252 probavit,
775 2186 924 2248 simplicius
937 2187 1003 2236 iilud
1018 2184 1138 2246 quidem,
1157 2182 1207 2233 sed
1238 2188 1243 2199 ¹

165 2258 357 2380 reiliicizndom,
376 2253 451 2322 <quod
471 2261 563 2310 eodem
573 2259 687 2313 redeant
701 2257 840 2321 sequeutia
851 2254 904 2308 otu
917 2255 976 2307 tom
988 2253 1207 2320 reapparente,

165 2327 195 2376 vi
224 2335 234 2376 t
271 2327 376 2379 reiiius.
640 2334 643 2339 ·

199 2395 242 2446 83.
276 2407 436 2459 quamquam
457 2406 491 2448 ea
507 2395 565 2457 est]
586 2394 632 2448 lic
650 2408 685 2447 ex
704 2397 763 2447 cod.
775 2396 809 2445 l).
823 2392 958 2447 Oreiiius:
982 2399 1013 2443 ut
1026 2390 1208 2442 revocandum

168 2461 204 2517 ad
218 2477 253 2516 ert
266 2467 303 2514 sit
316 2480 351 2515 ex
365 2467 451 2515 altero
465 2467 582 2516 membro
596 2469 668 2519 tuus.
686 2465 865 2517 offensionem
877 2465 902 2513 si
914 2475 994 2526 quam
1007 2463 1087 2512 hahet
1099 2461 1162 2510 laus
1170 2461 1207 2512 ds

165 2533 297 2601 inperata,
320 2535 353 2584 dc
372 2535 451 2585 laude
463 2535 566 2596 ingenii
579 2537 694 2601 dictum,
721 2535 873 2586 satisfaciet
890 2533 921 2582 It.
933 2534 968 2582 A.
980 2531 1100 2584 Woifius
1112 2529 1140 2579 iu
1152 2530 1208 2581 'la-

166 2597 213 2652 citi
226 2605 297 2654 Anu.
311 2601 333 2668 l,
352 2605 393 2655 12.
411 2603 525 2654 addidit
536 2605 648 2656 landem
661 2606 839 2670 dedoyusto.
875 2604 1020 2661 [letamen
1034 2600 1117 2649 verino
1133 2605 1208 2647 stru-

166 2679 271 2723 cturam
290 2671 365 2723 illam
385 2673 556 2737 perstrinxit,
578 2687 611 2724 ac
633 2688 667 2723 ne
682 2675 707 2723 si
720 2671 903 2735 copiosissime
917 2671 1022 2732 quidem
1037 2669 1208 2730 exposuisset
1262 2713 1265 2719 .

74 2766 77 2770 ·
166 2738 287 2813 (interim
302 2754 330 2788 v.
345 2740 456 2792 Walch.
477 2742 504 2789 in
523 2742 610 2792 Taciti
625 2743 717 2805 agric.
734 2757 759 2804 p·
773 2743 865 2806 sin),
883 2739 1004 2788 contendi
1019 2739 1114 2789 liceret
1128 2732 1209 2787 Clee-

166 2810 306 2861 rouianum
324 2810 421 2858 locum.
454 2810 509 2860 Sed
522 2811 632 2860 distinxi
644 2819 705 2872 post
717 2809 847 2875 inuenio,
864 2816 893 2856 ut
908 2806 1064 2868 principium
1078 2806 1209 2857 orationis

143 2906 147 2912 ι
166 2878 280 2928 liberum
292 2885 366 2926 esset
380 2879 414 2928 ab
426 2879 588 2938 reliquorum
599 2880 692 2938 nexu]
726 2879 894 2944 Elegantiam
905 2874 1028 2925 dictionis
1042 2876 1210 2927 oblitteravit

168 2948 209 2997 ed.
224 2960 265 3011 pr.
300 2947 343 2997 De
364 2945 454 3010 ipsios
471 2946 565 2998 Laelii
582 2951 612 2998 et
629 2946 771 3011 §captionis
787 2946 901 3014 inperio
920 2956 1090 3010 quamquam
1112 2959 1146 2996 eo
1164 2947 1211 2997 est

165 3014 225 3069 iota
246 3014 357 3082 opinio,
381 3017 415 3068 ut
435 3023 488 3068 etc.
522 3016 607 3070 Cuius
628 3018 776 3070 auctoritas
791 3016 923 3081 invaluit,
940 3013 994 3065 nisi
1006 3016 1076 3079 quod
1087 3014 1210 3080 plerique

132 3170 170 3221 ba
182 3172 228 3220 vel
241 3170 367 3225 trucidati
379 3179 471 3223 essent
483 3172 530 3225 vei
544 3171 572 3224 in
582 3172 651 3226 tlal-
692 3173 735 3225 2⁰.
754 3170 846 3236 colligi
860 3183 950 3234 posse.
989 3172 1083 3235 Neque
1095 3171 1128 3221 de
1143 3169 1212 3222 Gal-

132 3240 172 3290 lia
184 3242 340 3305 venissent,
362 3241 392 3293 in
404 3244 555 3294 libertatem
568 3243 651 3294 resti·
692 3244 728 3294 ba
741 3245 880 3306 quisquam
899 3243 1090 3304 grammaticus
1103 3241 1210 3289 littera-

133 3316 288 3377 tuereutur,
310 3313 484 3362 suadentibus
502 3314 535 3364 L.
548 3312 651 3363 Corne·
694 3320 738 3363 tus
757 3313 849 3361 iniecit
868 3313 1050 3368 mentionem]
1090 3309 1211 3357 Fuerunt

132 3377 173 3428 lio
180 3377 296 3442 Cethego
309 3388 337 3429 et
347 3384 382 3430 tii.
392 3382 502 3432 Catone.
535 3382 652 3432 Velitu-
694 3382 739 3444 qui
753 3381 866 3432 Galbam
878 3381 910 3429 de
922 3380 1054 3430 rhetorice
1066 3376 1211 3437 scripsisse

133 3457 223 3498 mauu.
241 3449 270 3496 Τ.
286 3450 322 3496 11.
338 3465 363 3511 p.
377 3451 438 3500 556.
469 3454 542 3512 ortas
557 3451 584 3501 in
600 3453 652 3501 hac
694 3453 898 3514 contenderent,
922 3447 1049 3512 Appuleii
1070 3446 1161 3493 verbis
1177 3447 1212 3494 de

133 3527 219 3566 causa
237 3516 356 3580 dixerat,
379 3522 506 3571 extabant
519 3529 575 3570 tres
588 3531 653 3570 ora·
694 3522 817 3583 dogmate
831 3518 952 3569 Platonis
969 3519 998 3567 Τ.
1008 3515 1044 3565 11.
1059 3531 1084 3576 p.
1093 3513 1152 3564 265.
1166 3516 1211 3566 ed.

134 3585 223 3634 tiones
236 3585 350 3648 Galbae,
370 3589 439 3638 dirae
451 3589 584 3639 adversus
600 3590 651 3639 Li·
693 3591 812 3641 Oudend.
827 3589 912 3639 abusi.
946 3587 1045 3638 Melius
1057 3583 1213 3634 iltiFaiste-

134 3653 244 3718 tionem,
263 3666 317 3703 una
334 3666 427 3706 cotitra
445 3657 604 3721 Cethegum:
622 3671 651 3707 v,
693 3672 741 3709 rus
760 3659 788 3706 iu
806 3657 945 3708 Memoriis
965 3654 1087 3707 obscuris
1109 3668 1135 3715 p.
1151 3649 1231 3703 toi..

134 3722 197 3775 btv.
210 3722 392 3784 spititnix.
426 3727 651 3784 [flasaetateci-
693 3726 816 3790 sergium
835 3729 962 3780 Flavium
980 3729 1112 3777 rhetorem
1129 3721 1213 3772 intel-

135 3793 242 3843 ceronio
262 3793 430 3853 superfuisse
449 3808 510 3846 cunr
528 3797 606 3847 docet
624 3809 651 3847 c.
693 3798 769 3849 lexit.
1133 3844 1136 3851 .

135 3859 181 3911 86.
204 3868 261 3912 tum
278 3861 369 3925 arguit
384 3864 454 3914 alter
467 3865 545 3914 locus
558 3867 591 3915 de
604 3865 651 3916 οι.
715 3865 718 3869 ’
745 3873 880 3918 oratorum
887 3861 1009 3928 propria]
1023 3858 1151 3925 Ducendi,
1164 3861 1213 3910 de-

134 3928 194 3994 lll,
217 3933 244 3983 7.
267 3930 444 3997 asperitatem
463 3933 566 3984 Galbae
587 3947 652 3996 per·
693 3931 820 4001 lactandi,
837 3934 962 3984 movendi
974 3940 1067 3993 partes
1079 3932 1150 3980 intra
1163 3942 1214 3980 ex-

134 3999 280 4062 striugens.
322 4001 377 4071 Sed
405 4003 566 4052 Frontonem
596 4003 653 4052 illis
694 4002 783 4064 posuit
799 4016 823 4052 c.
837 4002 881 4052 49.
897 4003 1009 4051 coii.23.
1035 3999 1213 4058 Piininsitpp.

134 4079 230 4132 nsum,
251 4080 321 4131 quae
339 4068 394 4120 riri
411 4070 482 4120 docti
493 4071 545 4121 init
560 4072 653 4132 suspis
696 4072 740 4127 ΙΙ,
758 4077 783 4122 3.
798 4075 945 4135 postremo
957 4070 1057 4136 docet,
1078 4067 1214 4131 delectat,

131 4134 194 4206 cic,
215 4147 345 4201 negamus
364 4152 399 4191 ex
419 4140 493 4192 iliius
510 4143 580 4206 iipp.
599 4141 653 4210 lii,
694 4138 800 4208 officit.
