2676 4748
55 872 61 883 ⁸
131 848 207 911 r'urir
230 846 264 910 in

133 294 202 377 Ι100
554 302 796 378 BRUTU'S.

133 494 169 575 in
184 484 256 580 qno
268 485 644 597 perfectissimo-Stdico
657 488 1061 583 summameioquentiam
1075 488 1141 563 non
1161 495 1222 565 dc·-

133 581 277 649 siderem
288 604 312 662 ,²
326 602 425 666 quam
443 602 596 667 exiguam
609 582 644 648 in
660 582 808 663 Fannio,
829 605 871 649 aa
886 585 921 651 in
934 585 1066 652 Rutilio
1083 584 1220 739 {uidam

132 690 307 755 magnam,
327 668 363 734 in
378 668 557 735 Tuberone
571 672 697 737 nullam
713 670 811 738 video
823 671 942 740 fuisse.
986 677 1062 744 119.
1114 680 1220 759 tego,

131 756 232 839 Non,
252 758 411 911 injuram,
429 754 557 836 Bruta,
580 757 652 823 sine
668 780 794 840 causa,
823 768 1003 847 propterea
1023 760 1115 849 qaod
1133 762 1220 829 istu·

311 845 485 909 ialecticis·
498 845 607 911 omnis
630 868 711 911 cura
729 850 958 935 commmitur,
987 870 1107 935 vagum
1129 848 1218 915 iilud

131 934 296 999 orationis
326 941 361 997 et
388 932 516 997 insumi
533 942 569 997 at
592 934 774 1021 multiplex
801 956 867 999 non
898 936 1078 1003 adhibetur
1099 958 1219 1020 genus.

85 1074 96 1085 .,
130 1020 231 1087 Tuus
258 1026 370 1085 autam
403 1021 602 1101 avunculus,
641 1020 921 1108 quamadmodum
950 1022 1036 1105 scis,
1071 1024 1175 1089 habet
1191 1046 1218 1093 ¹tt

132 1108 261 1175 Stoicis
281 1108 337 1189 id,
367 1105 456 1194 quod
479 1106 611 1173 abillis
633 1108 919 1198 petendum-fuit:
949 1110 1010 1177 sed
1033 1110 1218 1193 dieoradi·

129 1196 216 1263 dicit
244 1219 263 1261 a
291 1194 423 1261 dicendi
452 1195 644 1279 magistris,
679 1218 861 1284 eorumque
877 1219 977 1265 -arore
997 1220 1033 1265 ss
1054 1200 1216 1267 excreuit.

130 1282 289 1373 Quodsi
305 1284 419 1348 omnia
441 1306 463 1348 a
475 1283 684 1370 philosophis
695 1295 815 1351 assent
826 1285 989 1373 petenda,
1010 1285 1216 1376 Peripateti·

129 1380 246 1439 eorum
259 1372 427 1437 institutis
448 1371 654 1437 commodius
669 1373 986 1459 tingereturoratio.
1029 1375 1106 1445 120.
1135 1374 1214 1463 Quo

129 1462 238 1546 magis
261 1467 376 1539 tuum,
404 1458 533 1538 Brute,
559 1459 718 1525 iudicium
737 1460 860 1549 probo,
883 1463 942 1549 qui
957 1483 1072 1528 eorum
1094 1460 1216 1547 [idest

128 1548 170 1615 e‘x
198 1553 312 1615 vetere
334 1544 539 1632 Academia]
570 1545 842 1636 philosophorum
859 1556 991 1616 'sectam
1008 1560 1148 1615 secutus
1164 1570 1214 1632 os,

127 1658 271 1723 quorum
292 1635 327 1699 in
341 1632 494 1700 doctrina
509 1644 610 1720 atque
626 1636 816 1725 praeceptis
832 1634 1022 1705 disserendi
1032 1638 1214 1704 rotio'con-

125 1724 282 1809 iungitur
308 1743 382 1786 cum
409 1721 576 1810 suavitate
597 1721 731 1789 dicendi
751 1731 786 1790 et
804 1725 919 1811 copia:
948 1746 1150 1813 quamquam
1172 1747 1213 1793 ea

124 1814 202 1901 ipsa
215 1808 516 1897 Peripateticorum
525 1808 876 1899 Academicorumque·
887 1813 1094 1899 consuetudo
1108 1813 1145 1879 in
1158 1835 1214 1878 ra·

125 1904 219 1973 tione
235 1895 375 1969 'dicendi
394 1898 476 1976 talis
498 1904 569 1979 ost,
596 1906 635 1963 ut
656 1920 716 1967 nso
735 1900 897 1991 pariicarc
917 1908 1084 1968 oratorem
1098 1899 1212 1999 possit

194 2043 255 2095 110.
290 2040 455 2103 desiderem]
479 2040 645 2109 desiderent
661 2044 704 2092 ed.
721 2056 764 2104 pr.
786 2072 789 2078 -

146 2144 150 2153 ι
188 2107 255 2174 ild.
290 2112 475 2172 tuusaatem]
500 2112 793 2177 cimmericum.

191 2180 321 2245 petenda]
347 2179 405 2230 Om.
423 2183 465 2230 ed.
485 2193 526 2244 pr.
578 2190 581 2195 ·
1145 2208 1204 2227 ...a

191 2250 254 2303 120.
289 2247 376 2301 idest
394 2262 429 2299 ex
445 2256 539 2300 vetere
556 2242 719 2317 licadcmia]
749 2248 873 2301 nolendo
890 2258 1055 2300 censuerunt
1070 2250 1167 2303 hamt.
1182 2252 1211 2302 ci

132 2318 240 2381 '‚iiru.,
261 2318 365 2367 delevit
379 2318 526 2369 ecndrzius
544 2312 605 2383 curii
622 2318 793 2381 sequacibus.
827 2319 1019 2383 ilepognavit,
1049 2319 1114 2382 qula
1130 2326 1211 2371 vatc-

129 2380 255 2439 ''rcs'alt
272 2386 357 2449 noris¹
370 2388 543 2449 Academicis
559 2386 659 2451 abique
677 2387 822 2451 diligenter
837 2389 946 2438 soleant
965 2388 1112 2453 distingui,
1125 2390 1209 2447 liae-

155 2456 270 2509 renzius
288 2456 317 2505 in
335 2456 394 2507 Flu.
409 2458 447 2523 V,
464 2458 490 2506 3.
510 2471 535 2520 p.
551 2454 610 2507 537.
645 2457 689 2506 ild
710 2458 821 2507 Brutum
838 2460 934 2506 'auten
958 2456 1031 2510 inira
1053 2458 1210 2509 referuntur

134 2576 137 2581 .
154 2523 245 2589 celo,
264 2522 324 2577 uls.
341 2524 411 2577 Cum
427 2522 517 2577 omno
532 2524 631 2575 virtus
643 2524 699 2592 tit,
722 2528 757 2577 ιιι
770 2528 890 2591 cestra,
907 2528 1019 2593 Brute,
1036 2529 1121 2577 ocius
1131 2528 1209 2579 rice-

125 2656 129 2661 ,
154 2594 252 2663 demta
267 2594 363 2661 dicit,
381 2590 589 2651 arediocriioss
614 2601 642 2643 et
659 2607 683 2643 c.
696 2596 741 2661 97,
759 2598 822 2647 032.
839 2595 910 2660 quid
926 2598 957 2646 te
973 2598 1109 2647 eceroutt
1121 2598 1210 2649 Pana-¹

126 2718 129 2723 ,
153 2660 273 2726 monesi
297 2665 433 2730 quidelm
449 2668 533 2716 ocius
549 2658 723 2715 Academia?
757 2666 880 2715 Frustra.
890 2664 1000 2715 criticos
1013 2667 1042 2715 in
1054 2666 1210 2725 glossema·

154 2734 191 2791 tis
208 2735 351 2787 odorandis
369 2734 464 2799 opinor
481 2732 569 2783 fuls'so
587 2732 668 2783 etiam
687 2734 721 2782 da
738 2732 820 2797 caiti,
834 2736 898 2786 Ι172.
915 2734 1029 2785 donnum
1042 2736 1208 2803 redemitus,

153 2805 186 2857 td
199 2804 262 2871 esi,
284 2804 323 2854 ad
339 2802 458 2854 nostros
473 2804 679 2865 revertamur,
706 2807 735 2851 et
751 2815 775 2852 c.
789 2806 836 2853 62.
853 2814 892 2853 eo
904 2803 984 2869 ocis,
1001 2805 1032 2855 ld
1045 2806 1108 2872 esi,
1124 2820 1148 2858 a
1160 2806 1208 2857 ils-

153 2872 248 2927 diciis.
290 2874 444 2933 [Quatenus
460 2873 603 2922 formulam
620 2870 652 2921 toi
668 2871 713 2921 est
729 2873 765 2922 ad
782 2870 911 2923 criticum.
922 2886 1000 2924 usum
1018 2874 1102 2926 liceat
1123 2888 1209 2925 rava

153 2956 236 3007 care,
269 2940 422 2992 summatim
443 2939 638 3005 explicabimus
664 2940 693 2989 iu
715 2936 798 2991 aid.
840 2942 899 2991 iioo
923 2950 1015 2994 antem
1031 2943 1092 2994 ioco
1109 2940 1208 3010 prailius,¹

151 3011 285 3063 machinis
303 3024 465 3075 perversam
477 3010 559 3077 istam
574 3008 807 3071 interpositionem
820 3016 961 3076 tueamur,
984 3024 1065 3075 quam
1078 3020 1106 3061 et
1120 3013 1208 3065 coilo·

152 3082 224 3133 catio
242 3088 270 3130 et
287 3080 346 3143 ipse
362 3082 437 3131 color
455 3074 600 3145 verborum
616 3087 811 3146 aspernantur,
834 3090 888 3131 non
901 3080 1024 3143 dispicio.
1059 3082 1208 3149 Goereaaii

126 3142 246 3201 ‘tamen
267 3150 518 3214 ratiocinationem,
548 3146 594 3210 qui
618 3148 747 3214 Brutum,
776 3155 807 3197 ιιι
823 3150 1008 3219 philosophum
1024 3151 1207 3219 Antiochinas,

140 3232 251 3277 ,novam
268 3232 330 3269 cum
347 3218 495 3271 Academia
511 3224 606 3266 velere
624 3218 758 3267 conflasse
774 3218 940 3287 fabulatur,¹
951 3220 1013 3285 qais
1030 3227 1073 3271 est
1084 3220 1150 3287 quin
1162 3220 1207 3273 iu-

152 3289 260 3351 telltgat
277 3289 411 3340 vacillare
428 3294 509 3355 atquo
526 3288 701 3339 vehementer
718 3286 821 3351 frigere
829 3280 858 3348 l]

153 3424 197 3491 ¹la
218 3424 336 3484 Fannio]
366 3423 418 3485 Qui
436 3423 525 3475 Laelii
551 3422 641 3474 soceri
682 3437 709 3475 a.
722 3422 785 3474 709.
806 3423 892 3491 duxit.
926 3423 968 3476 Gi.
990 3426 1026 3475 ad
1046 3424 1104 3475 Ait.
1123 3426 1208 3493 xiii,

117 3494 240 3545 mstltato
265 3494 424 3557 Panaetium
446 3492 586 3562 audierat,
615 3506 641 3544 c.
682 3496 709 3545 9.
725 3494 779 3553 10.Ι
802 3492 856 3545 ilic
874 3506 942 3546 vero
961 3494 1031 3545 liber
1043 3505 1069 3544 a·
1081 3493 1145 3548 708.
1163 3504 1208 3547 est

117 3564 169 3631 26,
190 3562 250 3612 101.
682 3560 813 3625 scriptus.

171 3633 232 3691 119.
267 3629 443 3693 regumve
463 3644 507 3695 nm
519 3630 566 3680 rei
581 3643 641 3683 am-
731 3630 1127 3693 Perlpatcticorummstitotis]
1146 3634 1206 3687 lio-

116 3702 190 3767 pium
208 3705 238 3750 et
259 3698 396 3761 copiosam
415 3642 521 3749 didendi
543 3710 639 3766 genus,
680 3702 898 3752 mmenimcum
909 3701 1005 3753 Cicero
1021 3700 1206 3761 (videveida

116 3772 187 3837 quod
201 3770 240 3822 'ab
261 3768 332 3818 locis
352 3767 473 3818 amoenis
492 3775 521 3818 et
543 3778 640 3819 ornatu
682 3771 758 3837 orat.
773 3769 804 3839 l,
823 3771 880 3829 10.)
904 3772 975 3822 solet
993 3771 1159 3835 elegantiam
1178 3782 1207 3844 et

116 3830 267 3905 conquisito
284 3837 352 3888 nolit
367 3836 529 3903 abhorrere,
553 3849 640 3901 oppo-
683 3840 823 3903 copiosam
835 3840 998 3906 doctrinam,
1015 3843 1157 3903 probatam
1169 3842 1207 3893 ll-

117 3910 173 3961 suit
187 3906 473 3961 astrictaestoicorum
486 3906 641 3957 subtilitati.
683 3910 737 3961 lam
752 3906 928 3971 Theophrasti
939 3911 1155 3976 Dicaearclique
1167 3910 1211 3961 li-

166 3980 239 4029 'fuus
257 3975 423 4033 avunculus]
448 3976 548 4024 Brutos
569 3976 641 4027 cuim
682 3976 755 4045 tris,
781 3981 983 4045 commendare,
1006 3986 1064 4031 tam
1079 3980 1149 4032 satis
1162 3988 1205 4029 tc-

116 4060 152 4099 cx
172 4047 294 4099 servilia
312 4044 425 4109 catonis
440 4056 533 4094 sorore
550 4050 640 4095 natus.
683 4052 790 4099 stantun·
801 4056 910 4099 veteres
923 4062 1056 4100 summum
1068 4050 1205 4115 composi-

117 4114 218 4168 i’cstca
236 4128 316 4167 socer
338 4114 414 4167 iimti
440 4114 523 4165 otiam
549 4114 642 4165 iactus
682 4114 764 4165 tionis
778 4126 806 4169 et
818 4117 948 4171 orationis
959 4128 1123 4178 numerosae
1143 4126 1205 4172 sta-

118 4193 162 4236 esc
173 4186 251 4255 cato,
270 4182 505 4238 culustitamtlle
516 4182 641 4238 Porciam
681 4185 756 4241 olom
768 4184 865 4241 tuisse.
