2676 4748
166 325 213 425 tt
586 313 829 391 saurus.

168 509 312 600 Lysiae.
340 505 437 578 ouius
453 503 601 576 arbitror
613 506 779 599 plurimas
791 523 888 574 esset
904 496 1078 593 ..test-enim
1096 498 1254 585 Atticus,

168 597 326 689 quoniam
341 601 433 664 certe
447 595 595 664 Athonis
610 603 666 663 est
679 604 714 662 et
725 601 825 661 natus
838 599 874 659 et
885 600 1039 659 mortuns
1060 589 1254 694 etifnttotus

169 685 260 753 omni
275 683 395 750 civium
410 703 564 764 muneret
591 704 792 770 quamquam
807 676 968 746 Timaeus
982 699 1059 762 eum
1076 698 1177 764 quast
1191 666 1253 743 ii-

169 774 257 840 oinia
272 778 307 838 et
319 769 430 837 Mucia
443 772 517 856 lege
530 770 657 859 repetit
669 768 879 857 Syracusas.
896 762 1184 919 siguodamtnodn
1197 769 1253 830 est

170 860 331 928 nonnulla
352 857 388 924 iu
407 857 451 923 iis
467 858 568 924 etiam
581 857 670 923 inter
681 856 775 945 ipsos
792 855 934 921 similitu
960 876 992 923 ο.
1034 852 1141 919 Acuti
1159 858 1252 932 sunt,

169 948 358 1036 elegantes,
378 944 498 1028 faceti,
518 943 655 1012 bretos:
679 942 740 1011 sed
753 943 813 1009 ilie
827 941 977 1031 Graecus
992 938 1035 1006 ah
1048 938 1138 1007 otoni
1149 938 1253 1007 laude

171 1137 176 1211 J
238 1153 267 1206 in
279 1151 331 1215 iis]
354 1151 387 1203 to
400 1147 445 1204 iiie
458 1149 552 1203 bamb.
565 1163 677 1217 eumque
690 1158 802 1205 secutus
814 1158 922 1216 praeter
933 1149 1003 1205 elios
1015 1124 1144 1203 orellius.

170 1272 177 1279 .
240 1223 321 1277 etiam
333 1221 417 1286 inter]
440 1223 471 1275 et
484 1222 566 1276 inter
582 1222 625 1272 eo.
636 1234 689 1285 pr..
733 1260 737 1267 .

171 1408 224 1462 bns
248 1407 380 1461 ostendite
414 1403 571 1459 ciceronem
597 1405 693 1470 opinor
733 1405 783 1459 seo
806 1404 940 1471 cognitum
957 1403 1005 1457 iiie
1023 1401 1154 1471 iubebat,
1180 1400 1254 1467 tuto

170 1478 238 1530 niitil
256 1477 310 1529 nisi
328 1475 447 1541 speclem
459 1485 596 1527 externam
610 1490 692 1529 secu·
732 1477 843 1541 photius
856 1482 949 1527 narrat
962 1474 1022 1525 sive
1035 1470 1254 1537 scriptordevi-

170 1546 250 1612 tnm‚‚
264 1559 334 1608 quae
347 1544 447 1596 leviter
457 1553 485 1595 et
500 1544 634 1597 incuriose
648 1546 693 1595 le·
732 1546 769 1596 tis
782 1543 819 1597 X.
836 1546 993 1612 oratorum,
1010 1544 1122 1593 multum
1134 1541 1253 1593 oratoris

170 1617 290 1680 gentium
306 1615 336 1663 iu
353 1618 456 1665 mentes
477 1622 571 1678 sponte
587 1610 693 1676 irrepe-
732 1610 922 1667 liberalitatem
928 1614 963 1665 ad
970 1611 1160 1675 rempublicam
1166 1610 1253 1663 Athe-

171 1691 229 1749 ret‚
247 1685 297 1745 irco
310 1690 362 1751 est,
378 1683 497 1744 leporem
510 1683 693 1747 etingenuut'tt
733 1682 867 1736 niensium
894 1680 1088 1735 restituendam
1117 1679 1252 1748 valuisse,

173 1753 316 1805 eandorem
337 1759 418 1815 atque
435 1749 607 1805 humanitatis
626 1765 693 1815 stra
733 1767 785 1805 nec
805 1748 953 1818 quicquam
965 1760 1026 1800 eum
1046 1748 1195 1800 officiorum
1207 1747 1253 1799 in-

171 1821 300 1871 sissimus
315 1820 453 1881 affectus]
733 1823 899 1888 termisisse‚
928 1822 997 1885 qnod
1017 1819 1079 1869 cive
1102 1818 1252 1871 fortissimo
1329 1881 1332 1885 ι

187 1882 191 1889 ’
222 1891 340 1952 Lysiae]
363 1888 468 1952 mysiae
480 1887 691 1953 quadringentae
733 1894 841 1957 (iignum
853 1899 915 1941 esse
928 1885 1088 1948 videretur]

172 1958 269 2022 viginti
283 1959 399 2022 quinque
407 1959 544 2025 orationes
550 1961 633 2021 strigo
641 1959 692 2007 tri·
785 1958 989 2023 quasi'ltitinia
1010 1966 1038 2006 et
1064 1955 1156 2008 Mucia
1167 1957 1251 2019 iege]

170 2029 331 2091 oueoantur,
347 2022 595 2090 quarumducentas
605 2028 691 2086 ettri-
733 2030 765 2083 1..
779 2016 900 2085 Itio'ini'us
914 2026 1031 2085 Crassus
1051 2032 1079 2075 et
1098 2027 1130 2087 Q.
1144 2024 1251 2077 Mucius

172 2105 255 2163 genta
266 2096 353 2147 critici
365 2102 484 2162 veteres,
501 2095 650 2159 Dionysius
663 2100 692 2144 et
732 2099 867 2151 scaevola
880 2109 952 2148 coss.
965 2109 990 2152 a.
1003 2090 1063 2145 659.
1075 2092 1147 2155 (95.)
1163 2094 1253 2158 legem
1271 2140 1277 2161 Ι

154 2164 326 2231 'Caecilium
356 2173 532 2229 agnoverunt.
569 2164 622 2225 [lit
640 2165 691 2215 ha·
732 2170 862 2219 dederuut
875 2169 908 2217 de
921 2166 1026 2216 civibus
1039 2163 1168 2227 regundis
1190 2162 1252 2224 (vei

171 2232 232 2289 rum
245 2234 350 2299 quinem
365 2240 481 2286 aetatem
495 2234 612 2284 tuterunt
626 2243 690 2285 ora·
731 2236 919 2303 recitandis,
942 2236 972 2287 ut
989 2233 1096 2285 Baitero
1114 2232 1143 2283 in
1163 2230 1253 2286 Erno-

171 2305 260 2363 tioues
278 2304 339 2366 plus
352 2305 439 2353 miuus
451 2303 591 2369 integrae,
615 2300 691 2351 dem·
733 2302 821 2358 stianit
839 2306 930 2356 Indice
941 2304 1045 2367 Legum
1060 2319 1090 2384 p.
1104 2298 1166 2353 210.
1189 2303 1253 2367 ple-

171 2373 227 2439 ptis
247 2380 337 2423 tamen
354 2372 454 2435 spuriis
474 2372 521 2421 rel
544 2371 690 2434 suspectis,
732 2374 804 2441 cett
816 2374 871 2438 qua
883 2386 996 2438 magnus
1011 2383 1144 2423 sociorum
1155 2384 1253 2423 nume-

171 2442 284 2507 triginta
303 2441 413 2493 circiter
434 2449 544 2493 numero
551 2454 561 2505 3
595 2441 692 2505 quibus
732 2458 780 2507 rus
791 2457 840 2509 pro
852 2440 958 2494 civibus
969 2440 1098 2495 Romanis
1109 2452 1140 2490 se
1153 2453 1252 2503 geren-

172 2512 278 2563 aocedit
291 2510 368 2560 lusus
381 2509 542 2574 umhratilis,
559 2511 692 2560 Eroticus.
732 2504 800 2566 'tium
814 2514 918 2565 in'ruas
932 2514 1044 2577 quisque
1059 2502 1188 2563 ciritates
1204 2522 1252 2560 re-

154 2582 319 2633 ·Praeterett
339 2580 411 2630 tituli
427 2579 593 2644 perditarum
613 2576 692 2629 cclii·
733 2580 920 2635 mittebantur:
951 2596 978 2630 v.
989 2582 1110 2633 Walter.
1129 2582 1160 2631 ¹1⁸.
1174 2580 1197 2631 Ι.
1222 2594 1250 2643 p.

170 2657 270 2714 guntur
282 2649 317 2700 ao
328 2662 458 2703 summum
472 2648 631 2711 nonaginta:
647 2648 692 2696 vt·
733 2654 795 2715 241.
834 2648 963 2703 Similiter
977 2651 1101 2700 Timaeus
1118 2649 1146 2700 in
1164 2651 1250 2699 nisto-

92 2738 95 2743 ·
168 2722 205 2771 'tle
215 2717 355 2770 materiam
369 2719 403 2769 ab
411 2719 559 2770 Westerin.
567 2716 690 2767 nister.
732 2720 776 2785 ria
794 2724 846 2771 sua
861 2718 992 2785 Lysiam,
1016 2720 1061 2782 qui
1077 2717 1252 2771 Atheniensis

171 2790 299 2854 Eicqup·
309 2788 371 2839 281.
380 2798 437 2849 sqq.
449 2792 615 2848 congestam.
633 2785 690 2836 lta·
733 2803 796 2840 esse
815 2788 968 2852 ferebatur,
992 2786 1175 2850 Syracusanis
1188 2788 1251 2839 viu-

171 2871 224 2925 que
235 2856 326 2906 nuilus
335 2868 369 2905 ex
380 2854 499 2917 antiquis
506 2854 619 2905 Graecis
627 2865 691 2904 ora·
732 2858 849 2924 dicavit,
861 2860 1009 2918 'propterea
1021 2859 1090 2920 quod
1102 2852 1250 2920 pater-eius

170 2934 214 2978 tor
230 2924 390 2976 monstriam
412 2924 516 2986 Lysiae
542 2923 691 2990 corporavit,
732 2929 838 2980 Pericle
849 2934 959 2979 auctore
972 2927 1118 2989 Syracusis
1130 2927 1252 2979 Athenas

170 2995 249 3047 euius
263 3006 329 3043 vere
347 2991 490 3059 plurimos
508 3004 570 3042 esse
590 2991 692 3044 oratio·
732 2997 907 3060 immigraret.
941 2995 1251 3047 HisNieituitriusutitur

171 3077 220 3116 uer
233 3062 328 3114 cicero
342 3061 554 3126 pronunciavit]
731 3065 870 3130 ingeniose
885 3066 915 3119 ¹1¹.
926 3065 964 3114 11.
980 3079 1005 3127 p.
1013 3066 1056 3116 60.
1086 3066 1212 3118 ceterum
1220 3075 1249 3113 r.

223 3133 326 3192 [certe]
343 3133 375 3182 lo
387 3132 476 3196 arguit
489 3130 599 3181 criticos
606 3130 639 3179 de
646 3142 691 3180 se·
732 3133 897 3190 annotino.
911 3135 952 3183 12.
967 3141 1035 3185 extr.

174 3202 208 3250 tie
225 3202 310 3252 natali
321 3201 425 3264 Lysiae
437 3200 617 3262 dissensisse3
640 3210 691 3249 neo
783 3205 913 3255 nonnulla
925 3202 953 3252 iu
964 3203 1015 3263 iis]
1033 3205 1056 3255 1.
1071 3216 1096 3253 e.
1107 3203 1139 3253 in·
1148 3199 1250 3255 Catone

173 3277 282 3333 praeter
301 3268 459 3321 Ciceronem
481 3277 510 3320 et
530 3269 691 3331 Dionysium
733 3281 761 3324 et
774 3274 880 3340 Lysia,
902 3279 931 3323 ut
945 3271 1251 3338 niedrigiusiuiimen-
1329 3272 1334 3291 '

173 3338 257 3389 ludio.
276 3340 309 3388 de
329 3339 400 3403 Itys.
413 3342 439 3390 1.
460 3347 553 3391 extare
573 3339 690 3404 videtur,
732 3345 799 3395 datr.
817 3343 839 3393 1.
856 3356 883 3405 p.
896 3339 955 3392 164.
969 3350 996 3392 et
1008 3341 1135 3407 ofellius,
1147 3341 1251 3391 reattus

173 3406 218 3472 qui
242 3406 344 3456 diserte
368 3410 437 3461 httnc
460 3407 574 3459 Athenis
598 3415 691 3460 uatum
732 3412 867 3476 Ellendto,
883 3411 928 3474 qui
937 3408 1250 3474 explicatinorationi-

164 3474 343 3551 prodiderit]
732 3474 792 3533 bris.
832 3474 894 3531 Huc
914 3489 1021 3545 spectat
1039 3480 1119 3531 etiarn
1138 3478 1249 3530 Plutar-

201 3578 204 3587 .
225 3544 347 3605 [innotus
365 3543 437 3597 omni
452 3544 552 3597 eivitrm
566 3547 691 3609 munere]
733 3553 799 3601 chus
815 3548 874 3600 Cat.
886 3550 950 3602 Mei.
962 3552 989 3602 7.
1006 3542 1141 3613 Tarnim
1157 3541 1187 3599 ot
1202 3566 1250 3599 rt-

170 3615 281 3667 vietum
299 3612 462 3678 interpretes
482 3615 589 3679 qtridam
607 3616 691 3669 mira·
732 3637 770 3672 να
792 3619 919 3686 φαίνεται
939 3621 986 3672 troi
1008 3611 1116 3684 o‘itiyet
1132 3611 1183 3669 soti
1198 3610 1249 3668 tir-

172 3686 287 3748 bantur‚
309 3685 379 3746 quoti
396 3684 499 3746 [tysias
519 3694 571 3735 non
590 3686 691 3750 optimo
732 3680 795 3757 onir
811 3680 887 3738 ἰδέαν
902 3683 985 3773 ἔχειν,
1016 3679 1030 3696 ”
1043 3701 1102 3753 αρν
1117 3682 1169 3752 γὰρ
1187 3678 1249 3752 ἅμα

172 3754 232 3804 iure
247 3751 367 3803 civitatis
375 3754 483 3805 Atticae
497 3753 596 3804 inisset
608 3767 691 3818 usust
732 3760 781 3809 καὶ
804 3750 891 3810 δεινός
918 3775 967 3822 ην.
1003 3749 1022 3818 η’
1046 3749 1067 3808 't
1086 3753 1135 3806 troi
1157 3769 1248 3806 κατα-

173 3835 224 3873 neo
250 3821 387 3885 satisfacit
408 3822 602 3890 Schneiderns,
635 3825 690 3888 qui,
731 3818 893 3891 πληκτικός,
916 3817 1118 3893 φιλοσκώμμων
1133 3821 1180 3875 tttti
1197 3817 1249 3873 ati-

174 3904 235 3941 cum
266 3891 369 3953 Lysias
399 3892 507 3956 publice
533 3892 691 3955 dignitatem
731 3888 842 3961 cronio,
858 3886 1161 3961 ἀποφθεγματικόεκαὶ
1174 3885 1249 3960 α’γω-

172 3952 569 4024 itortioicetquasinnnieipis
577 3963 691 4024 adeptus
731 3957 857 4016 νιστικός.
880 3989 914 4000 -
935 3953 1026 4011 Ὅθεν
1048 3952 1097 4010 otitt
1113 3956 1190 4016 οἶδα.
1220 3961 1250 4012 ri

173 4028 224 4094 sit,
255 4041 339 4082 onera
358 4030 420 4081 sive
440 4029 565 4093 liturgias
589 4029 691 4081 civium
731 4026 907 4083 πεπόνθασιν
934 4022 965 4083 oi
987 4022 1029 4093 rqi
1050 4029 1156 4081 Accion
1176 4024 1248 4097 λόγῳ

169 4099 239 4148 velit
255 4111 317 4149 eum
336 4099 507 4151 sustinuisse.
540 4100 617 4150 istuc
630 4100 690 4163 qui·
730 4093 851 4166 μάλιστα
868 4093 986 4168 φάμενοι
1001 4097 1188 4176 ennoematicae
1199 4093 1249 4152 τόν

169 4166 229 4219 iem
240 4167 324 4223 miror
335 4171 405 4225 totos
419 4168 514 4224 cicero
526 4169 689 4233 restiterim
731 4161 868 4225 Koiranos.
