2676 4748
535 309 621 406 cop.
640 314 699 389 61.
1088 328 1158 399 nu

68 505 249 585 iactarem,
271 525 292 571 6
305 501 431 592 populo
446 500 659 584 absolutum,
675 524 751 573 eum
767 502 800 572 is
812 511 930 575 eontra
943 514 1062 600 populi
1077 520 1154 587 stu-

66 594 161 663 eliusn
177 592 351 671 stetisset,
366 588 563 665 ,Gracchani
575 591 704 663 iutliecs
716 595 939 663 sustulerunt.
979 604 1057 671 129.
1077 604 1156 673 liu.

66 683 122 747 ius
142 680 320 747 dissimilia
340 679 376 743 in
395 678 580 749 tribunatu.
594 681 897 766 reliquaqueomni
909 684 979 751 rita
992 690 1074 758 civis
1088 695 1157 761 im·-

66 769 195 859 pnobus
211 766 252 835 C.
265 766 417 835 Licinius
430 764 545 834 Nerva
560 788 626 839 non
638 765 825 835 indisertus
842 771 919 841 iuit.
948 773 989 844 C.
999 777 1156 849 timeas·

65 855 277 944 temporibus
296 853 417 923 iisdem
435 853 524 933 iero,
545 853 608 919 sed
618 855 753 939 longius
769 862 882 924 aetate
896 874 1077 948 provectus
1090 871 1153 936 ita-

65 945 162 1013 61166
182 950 236 1009 661
257 964 357 1022 stone,
383 942 486 1009 atita
503 940 631 1022 dicam,
654 944 886 1033 truculentus,
906 970 1025 1038 asper,
1047 959 1153 1023 malo·

66 1031 184 1110 dicus,
212 1052 332 1116 genere
354 1035 426 1094 toto
447 1031 549 1117 poulo
569 1029 733 1097 fervidior
748 1039 850 1118 atque
864 1042 1155 1123 commotior,.di-

64 1118 210 1206 ligentia
221 1125 333 1183 tamen
349 1124 384 1183 ct
396 1116 523 1183 virtuto
537 1117 638 1184 animi
653 1126 756 1205 atquc
770 1123 841 1186 vita
855 1121 964 1190 bonus
976 1136 1096 1198 auctor
1113 1133 1156 1213 iu¹

66 1215 200 1275 senatu.
243 1203 332 1270 idem
352 1204 542 1271 tolerabilis
564 1214 745 1293 patronus,
772 1228 833 1273 neo
847 1208 944 1277 rudis
961 1213 996 1280 in
1010 1217 1086 1285 iure
1101 1222 1150 1287 oi-

65 1296 145 1376 vili,
164 1300 201 1359 et
214 1314 291 1359 cum
306 1292 433 1360 virtute
447 1299 518 1361 tutu
532 1296 633 1359 etiam
642 1293 719 1380 ipso
732 1296 895 1363 orationis
909 1320 1030 1384 genero
1041 1306 1148 1375 liber:

65 1382 164 1451 cuius
187 1381 356 1446 orationes
378 1379 477 1469 pueri
498 1380 710 1466 legebamus,
736 1403 823 1487 quas
842 1384 908 1450 iam
923 1392 1075 1476 reperire
1092 1397 1150 1463 vix

65 1490 258 1561 possumus.
304 1471 380 1537 130.
401 1469 520 1554 Atque
533 1468 634 1534 etiam
649 1468 783 1553 ingenio
795 1477 832 1535 et
845 1493 999 1542 sermone
1012 1483 1149 1569 eieg'ap-

64 1559 116 1641 ti,
140 1553 333 1627 valetudine
347 1553 573 1641 incommoda,
594 1554 962 1639 0.,8661166061111666
977 1564 1061 1634 fuit:
1088 1566 1149 1660 qui

134 1738 196 1787 129.
229 1735 414 1803 truculentas,
437 1736 533 1799 asper]
564 1732 611 1786 flio
626 1733 786 1803 Ernestius,
808 1736 947 1802 plerisque
963 1744 1150 1818 probantibus,

98 1804 219 1857 conexit
240 1806 403 1866 scripturam
426 1807 502 1856 6666.
524 1811 553 1855 61
573 1805 618 1858 66.
629 1818 672 1869 pr.
705 1804 869 1861 tuaucatuo
889 1813 1034 1875 patrunus
1049 1830 1147 1882 ceper.

96 1875 245 1929 6616116166
262 1877 446 1926 trucutentus
460 1875 632 1939 accusator,
654 1887 753 1939 asper.

70 1958 73 1963 ·
133 1946 196 2000 130.
229 1943 401 2007 08661166]
425 1944 456 1999 0.
473 1944 588 2000 Setiittt
605 1944 650 1998 eti.
663 1958 705 2009 pr.
731 1964 735 1969 ·

63 2099 164 2157 1661616
182 2103 362 2155 damnaretur.
400 2102 439 2157 v.
460 2102 532 2157 i’iut.
552 2100 585 2155 c.
626 2101 665 2156 ti.
679 2100 829 2173 Gratidius,
845 2100 901 2158 viti.
914 2116 940 2156 6.
953 2102 998 2162 15.
1009 2119 1079 2164 extr.
1095 2112 1147 2166 66.

64 2172 585 2226 666661661661116661616661611.
626 2186 681 2224 nex
706 2176 814 2225 occisus
839 2183 883 2225 est
903 2177 1006 2230 Romae
1026 2180 1149 2236 cinnano

63 2244 141 2296 0661.
154 2241 199 2295 25.
222 2245 323 2306 Magna
338 2243 372 2291 66
387 2244 437 2292 hoc
452 2242 514 2295 viro
527 2242 586 2293 siis·
626 2244 760 2311 tumultu,
779 2256 842 2295 cum
854 2245 958 2297 Marius
970 2251 1040 2311 exul,
1048 2252 1147 2311 6616.

63 2313 158 2365 seusio
181 2310 235 2363 fuit
254 2311 325 2362 inter
347 2321 473 2362 auctores
494 2325 586 2365 rerum
625 2323 664 2363 66
683 2320 828 2363 revocatus
855 2316 950 2375 urbem
974 2329 1148 2391 occupasset,

62 2386 261 2437 flemmarum:
289 2393 353 2432 nam
377 2382 424 2446 quii
451 2381 586 2434 (it-aconis
627 2393 654 2432 a.
667 2383 729 2432 667.
756 2381 904 2435 Diversum
925 2386 1148 2451 16661616.

63 2455 177 2519 tavent,
206 2451 338 2513 Opimium
358 2449 586 2511 omuibusmodis
626 2449 702 2501 vium
715 2450 862 2501 Fimbriam
878 2464 903 2501 c.
918 2456 963 2507 66.
1135 2450 1138 2455 “

61 2524 205 2585 1666611615
243 2528 338 2571 contra
373 2520 486 2571 laudant
523 2533 586 2581 eupt
674 2518 758 2579 liber]
774 2519 1147 2589 Solutusetcxpetiitnsors-

61 2590 189 2658 sumpte,
212 2587 258 2653 qui
270 2590 381 2640 casdem
397 2588 426 2651 ip
441 2589 586 2655 republica
625 2585 716 2653 tione,
737 2599 807 2651 puae
820 2589 927 2655 placito
938 2604 1020 2642 cursu
1032 2596 1147 2651 tuone:

60 2668 156 2729 ,uus
169 2666 326 2723 sequuntur.
625 2667 661 2707 ne
677 2654 736 2719 quis
749 2657 775 2706 ci
788 2670 851 2721 cum
863 2659 1012 2723 interprete
1032 2667 1149 2727 quoda

69 2772 75 2777 .
114 2737 211 2793 eontra
234 2727 325 2791 popuii
353 2725 485 2787 studium]
516 2725 585 2779 (ium
626 2727 1147 2786 666616661661661666166611661116.

62 2798 217 2857 (it-accium
245 2797 377 2847 bominem
402 2796 515 2859 piebeiis
539 2796 585 2849 61-
625 2801 683 2858 gat·
719 2794 837 2849 Virtute
857 2805 948 2849 tutam
967 2800 1064 2863 iungas
1084 2817 1148 2863 cm
1226 2829 1229 2834 -

60 2869 241 2921 lectissimum
257 2867 449 2917 interfecisset.
562 2896 568 2905 ·
626 2860 779 2915 6661161116.
800 2867 910 2926 ·-[11666
928 2876 1086 2939 puncturae·
1101 2876 1149 2925 ls-

114 2936 270 2989 66666166ιί
299 2935 418 2995 iudices]
461 2933 583 3002 Equites,
626 2934 1148 3007 gemnonmoioduram,ssupsru31i

59 3009 98 3065 asi
108 3018 177 3071 quos
188 3006 290 3057 1661616
298 3003 327 3055 c.
340 3005 478 3055 66666166
491 3012 584 3061 trans-
626 3005 855 3057 acoonunotiattm
885 3008 922 3063 td
950 3008 1066 3067 166666.
1083 3012 1146 3065 uiri

61 3079 165 3133 1616661
192 3087 218 3133 a
241 3077 302 3125 631.
333 3086 452 3137 atrosque
477 3072 582 3137 cicero,
625 3073 779 3124 consularis
794 3075 977 3135 ¹‹tucos-nam
1001 3078 1148 3143 orationis

59 3158 225 3211 quamquam
242 3145 271 3194 16
290 3144 428 3205 republica
445 3143 583 3194 senatorio
624 3141 723 3201 cirtae
742 3142 807 3205 quia
823 3143 851 3192 in
871 3145 920 3207 tali
935 3148 1091 3205 narratione
1101 3140 1151 3201 61..

58 3215 164 3278 ordini,
186 3216 237 3263 boc
258 3224 300 3264 est
317 3212 508 3280 optimatibus,
525 3213 583 3265 66-
624 3218 681 3261 6161
694 3212 729 3263 ab
742 3211 804 3276 ipso
817 3210 961 3265 orationit
973 3228 1081 3282 panaro
1092 3221 1148 3271 mi·

59 3291 250 3349 amarentur,
269 3295 322 3332 non
336 3283 468 3331 6116161116
481 3294 582 3332 severe
624 3280 695 3329 nime
714 3280 785 3331 iicet.
800 3283 920 3345 assequi.
960 3284 1054 3337 Potius
1074 3282 1147 3343 buno

59 3362 90 3405 et
105 3353 262 3405 innocenter
277 3366 388 3402 munere
408 3363 457 3402 suo
472 3352 581 3402 iunctos
622 3349 786 3417 Fimbriam,
801 3363 882 3414 quem
894 3352 985 3405 virum
998 3351 1098 3408 bonum
1117 3368 1147 3411 et

58 3423 149 3475 inisse
163 3423 243 3473 Verr.
257 3423 319 3470 Act.
332 3415 363 3485 1,
383 3423 424 3470 13.
624 3419 774 3481 sapientem
793 3419 894 3483 tuisse,
899 3426 1050 3487 persuadet
1060 3426 1147 3481 0166-

112 3493 173 3543 120.
199 3490 355 3540 1111616166
369 3490 476 3549 Nerva]
492 3487 582 3553 liuius
623 3487 956 3555 maturescentia.
971 3494 1145 3551 6616666166-

56 3558 213 3619 tribunatus
227 3559 351 3622 quoniam
363 3571 422 3607 cum
432 3558 582 3611 L-iicstiae
624 3558 677 3621 tio,
695 3569 756 3609 cum
771 3558 907 3619 liberrime
924 3565 1010 3625 (quoti
1023 3577 1076 3615 nos
1090 3567 1144 3631 ipsi

58 3637 242 3695 eomparatur,
261 3628 322 3678 veri
331 3627 419 3677 simile
427 3636 469 3679 est
477 3637 586 3681 utrum-.
623 3626 755 3692 ticinus,
772 3638 807 3679 et·
818 3629 927 3692 spracit
940 3632 1073 3699 frutuosa
1087 3638 1144 3689 aar

58 3712 112 3763 qne
132 3700 255 3761 collegas
274 3697 361 3746 fuisse
377 3710 403 3746 a.
416 3699 477 3751 636.
505 3696 581 3746 Lici·
622 3696 716 3749 Bruti
729 3700 807 3764 cosp]
823 3706 851 3749 ct
863 3699 971 3760 pienum
979 3704 1072 3753 caiore
1077 3717 1148 3767 pru..

57 3769 135 3819 nium
152 3775 243 3818 tamen
263 3767 437 3817 Gracchanae
452 3767 580 3817 1661166616
622 3767 768 3816 nunciasse
779 3766 887 3818 virtutis
894 3768 1002 3838 666616,
1013 3778 1145 3825 tumetu-

56 3837 243 3888 tarbuientum
261 3836 348 3886 tuisse
372 3835 507 3885 tribunum
529 3847 580 3898 ap-
623 3835 1150 3909 66116666,,6616611616616616616661--’Ι

56 3913 147 3971 paret.
246 3924 249 3929 ·
621 3916 681 3955 mos
705 3904 836 3957 movisse.
878 3906 972 3972 itaque
991 3904 1069 3969 borna
1086 3911 1142 3962 1611

110 3975 141 4025 0.
149 3974 283 4034 Fimbria]
298 3970 581 4023 0.616616661611616
623 3974 685 4024 oris
704 3974 871 4035 liberrimi]
1128 4020 1149 4041 ,,
1189 3997 1192 4002 ·

54 4052 188 4109 quaestor
207 4057 234 4095 6.
254 4046 314 4091 633.
338 4040 460 4092 tribunus
475 4042 579 4101 pinon
675 4046 734 4095 130.
790 4045 821 4095 0.
851 4043 961 4095 sextius
994 4042 1143 4109 06161666]

55 4123 102 4165 est
122 4114 231 4178 166166,
255 4113 349 4161 consul
368 4124 429 4159 cum
451 4109 537 4169 1116616
550 4123 578 4160 6.
621 4112 735 4164 Praetor
752 4127 778 4165 6.
791 4111 855 4163 655.
873 4113 1009 4167 incertum
1023 4127 1059 4177 66
1072 4114 1145 4171 idon

54 4185 120 4237 650.
137 4183 289 4235 Accusavit
300 4195 361 4233 etum
371 4179 579 4243 repetundarum
622 4182 790 4243 significetur
805 4183 838 4229 66
852 4178 928 4230 0661.
944 4183 988 4249 ii,
1006 4182 1051 4253 60.
1063 4187 1108 4237 61.

910 4246 935 4313 8
