2676 4748
429 387 435 394 ¹
488 274 600 368 „cup
620 282 655 356 ir·
675 280 711 355 ,7.
1103 275 1151 352 26

63 485 174 554 quare
200 462 350 554 quinque
377 463 501 532 ortium
529 485 715 533 aonenrsus
745 463 962 533 maximarum
989 469 1150 552 quantam

63 555 133 629 vim
155 562 382 642 quantamque
405 551 640 620 difficultatem
655 552 797 633 habeat,
825 551 1011 620 existimari
1024 560 1151 641 potest.

62 639 151 709 vll.
181 645 236 710 26.
258 641 377 706 Testis
401 648 455 706 est
470 639 631 713 Graecia:
654 661 742 727 quae
756 657 832 706 cum
845 640 1055 726 eloquentiae
1075 645 1151 705 stu·

63 726 123 807 dio
139 729 336 796 siliacense
354 726 547 814 iamdiuque
560 730 705 797 excellat
718 727 755 797 in
768 749 808 793 ea
823 735 1040 815 praestetque
1060 737 1151 795 cete·

61 816 135 896 ris‚
163 822 276 882 tamen
293 835 407 881 omnes
427 823 519 881 artes
536 816 740 902 petustiores
753 813 871 895 habet,
900 821 936 879 et
948 816 1054 880 multo
1071 822 1151 882 ants
1182 817 1188 830 “
1224 880 1229 885 ,

63 921 132 968 non
145 902 298 969 inventas
314 902 422 967 solum
436 901 496 967 sed
511 903 612 967 etiam
626 902 813 990 perfectas,
842 923 942 988 quam
964 902 1046 967 haee
1062 911 1151 968 esta

65 989 208 1059 Graecis
221 991 393 1057 elaborata
406 987 539 1058 dicendi
551 990 602 1056 vis
620 997 720 1076 atque
734 989 842 1076 copia.
890 987 930 1055 ln
951 1011 1050 1076 quam
1073 1010 1150 1054 cum

64 1076 220 1157 intueor,
241 1077 382 1148 maxime
403 1077 485 1143 mihi
502 1086 700 1156 occurrunt,
720 1074 854 1155 Attice,
876 1084 911 1140 et
925 1077 1023 1162 quasi
1036 1078 1152 1145 lucent

34 1168 39 1182 '
65 1164 228 1233 Athenae
241 1176 337 1246 tuae,
357 1185 423 1253 qua
437 1164 472 1235 in
485 1164 570 1236 urbe
583 1167 727 1253 primum
743 1185 780 1228 se
794 1169 909 1228 orator
921 1165 1060 1244 extulit,
1071 1161 1165 1251 'pri.-,

66 1272 226 1340 mumque
249 1255 351 1322 etiam
381 1252 602 1327 monumentis
625 1259 660 1320 et
677 1251 806 1320 litteris
826 1251 935 1316 oratio
956 1258 1010 1319 est
1032 1257 1152 1340 coepta

66 1339 234 1410 mandari.
274 1343 331 1408 27.
354 1338 484 1404 Tamen
501 1347 577 1404 ante
592 1335 776 1419 Periclem,
795 1340 890 1404 cuius
906 1337 1033 1425 scripta
1049 1359 1152 1425 quae-

67 1425 144 1503 dam
160 1427 327 1510 feruntur,
348 1433 384 1494 et
396 1424 644 1520 Thucydidem,
664 1426 723 1516 qui
736 1425 1030 1503 nonnascentihus
1041 1426 1161 1500 Athe-1

73 1670 77 1677 ,
135 1618 445 1678 concursus-lrabeat]
470 1618 553 1670 codd.
574 1625 603 1669 et
619 1618 660 1670 ed.
674 1631 716 1683 pr.
729 1618 890 1684 scripturam
903 1619 1025 1678 labeant
1040 1619 1153 1679 Lambi-

100 1701 154 1747 nus
174 1691 202 1751 in
222 1702 362 1747 numerum
378 1688 543 1751 singularem
555 1689 671 1740 mutavit
684 1688 802 1757 habeat,
826 1690 904 1754 quasi
918 1691 1004 1750 magis
1020 1690 1152 1742 conveni-

101 1766 146 1821 ret
159 1758 329 1819 substantivo
341 1768 508 1823 concursus.
541 1761 579 1807 At
591 1758 668 1808 nulla
680 1765 722 1807 est
735 1759 821 1823 ratio,
838 1771 887 1807 cur
898 1759 1010 1820 pluralis
1023 1770 1153 1809 numerus

102 1827 211 1890 legibus
231 1829 339 1889 linguae
360 1827 461 1876 letinae
479 1839 630 1892 repugnare
644 1827 784 1894 videatur,
807 1834 888 1889 atque
902 1828 969 1877 adeo
982 1829 1055 1879 inira
1069 1841 1094 1879 e.
1107 1826 1152 1878 st.

102 1897 220 1962 legitur,
249 1899 285 1962 stt
307 1907 465 1959 conterens
488 1895 626 1962 audiendi
647 1908 736 1948 caasa
758 1909 797 1948 en
815 1897 879 1946 tota
896 1895 1021 1946 Graecia
1037 1895 1152 1961 fierent.

104 1967 222 2026 [Verum
241 1978 296 2016 uon
314 1967 376 2016 inde
396 1965 522 2014 continue
541 1966 662 2029 sequitur
675 1967 782 2030 plurale
795 1977 955 2016 concursat
970 1967 1003 2016 de
1021 1967 1153 2018 societate

103 2037 218 2114 quadam
232 2037 329 2086 artium
342 2045 405 2084 esse
419 2033 541 2097 dictum]
784 2066 787 2075 ‚
901 2064 903 2071 ι

138 2097 169 2169 ,0.
181 2107 209 2157 7.
223 2106 268 2154 26.
309 2117 327 2155 a
347 2102 474 2161 Graccis]
500 2104 542 2152 Er
561 2101 685 2166 margine
704 2100 809 2153 illatum
827 2109 900 2164 puto.
940 2101 1063 2165 [languet
1081 2103 1154 2154 enim

105 2174 207 2224 oratio:
229 2171 392 2224 Graecia
407 2171 491 2222 halet
502 2173 592 2221 mallo
607 2173 780 2237 antemnates
793 2174 875 2222 artes
886 2174 1048 2237 perfectas,
1065 2185 1152 2239 qaam

104 2256 125 2302 a
148 2241 305 2294 Graecis
329 2241 477 2295 etaoorota
495 2243 540 2295 est
553 2241 669 2294 dicendi
680 2241 735 2303 vla,
773 2240 851 2307 Adde
867 2243 937 2308 quod
954 2243 1093 2312 sequitur,
1117 2243 1154 2294 lo

104 2324 190 2378 qaam
202 2325 266 2364 com
277 2312 405 2364 intuear.

123 2479 250 2534 (ll-26.
281 2479 457 2549 monumentis
475 2489 503 2532 et
515 2478 591 2532 litte-
633 2480 799 2544 oratorium
821 2480 941 2540 labenti
970 2481 1033 2533 etos
1056 2481 1155 2549 aliqua

72 2546 128 2622 ris]
156 2550 224 2600 Sive
241 2551 414 2604 monumentis
432 2553 591 2604 litterarum.
634 2553 724 2619 ferri.
773 2551 915 2615 Equidem
944 2565 1003 2604 eaeo
1035 2553 1169 2616 reperio*

71 2621 153 2674 Hane
170 2620 299 2689 tigttram,
320 2634 400 2686 qnam
411 2629 439 2671 et
452 2620 551 2671 Graeci
565 2625 593 2669 et
634 2621 785 2687 quiequam
803 2622 887 2670 tanta
905 2621 1081 2686 eloquentiae
1104 2624 1156 2687 fa-

70 2680 165 2740 tacut
184 2696 290 2753 mant,
315 2689 522 2752 nostrs'llngue
539 2700 593 2744 non
633 2704 680 2741 mo
698 2689 833 2756 dianam,
857 2689 977 2754 ideoque
990 2690 1085 2740 minas
1099 2691 1164 2748 osi-¹

70 2759 183 2823 petitur.
219 2771 243 2808 c.
256 2758 306 2824 55,
319 2761 380 2811 201.
405 2758 511 2809 amicto
525 2758 593 2808 illa-
633 2771 694 2811 νον.
721 2771 782 2810 esse
812 2758 862 2824 qai
880 2758 1004 2816 attilae
1023 2771 1056 2810 eo
1075 2760 1160 2809 scri-¹

70 2839 139 2878 ram
160 2827 306 2878 lominum
327 2830 357 2881 et
377 2827 457 2878 illisu
475 2828 592 2888 aetatis,
632 2830 715 2895 ptam
736 2829 859 2896 palent,
882 2829 953 2890 laea
968 2831 1066 2880 autem
1082 2842 1155 2896 qaae

70 2899 152 2965 e83,
169 2897 233 2948 ²88.
248 2899 391 2948 damaeta
404 2909 439 2948 ac
452 2899 527 2948 loca.
555 2897 592 2947 V·
634 2899 777 2967 ferantur
796 2897 832 2948 ab
850 2898 916 2948 aliis
935 2911 996 2950 esse
1015 2899 1156 2962 compost·-
1221 2938 1223 2943 .
1279 2928 1283 2933 ·

69 2965 202 3016 oehsaer.
214 2966 306 3017 lucie.
313 2968 405 3028 liclog.
417 2981 443 3028 p.
453 2969 495 3020 18.
520 2966 594 3024 [ve-,⁵
634 2971 676 3022 ta.
715 2966 798 3026 [lluic
814 2969 946 3019 accedens
965 2968 1088 3030 quicquid
1105 2969 1155 3019 sun
1173 3026 1179 3030 ,

69 3041 114 3085 tus
132 3037 201 3087 haee
213 3032 242 3085 et
253 3037 288 3087 ab
305 3036 466 3098 philologiae
479 3036 594 3097 primor-
614 3069 616 3076 ·
633 3035 749 3088 Periclis
768 3037 873 3085 nomine
893 3044 999 3087 extaret
1020 3048 1166 3089 commem.

42 3106 47 3129 '
70 3104 593 3167 diisduetainterpretsudiiorma‚quae
635 3107 727 3163 tioium
750 3106 826 3154 dttxit
843 3106 1019 3155 Ruhnkenius
1036 3107 1071 3155 Η.
1090 3107 1156 3156 Grlt.

60 3174 216 3237 plurimum
229 3173 551 3236 cautelitaddigultatem
564 3177 594 3222 et
635 3176 721 3228 oratt.
745 3175 794 3230 Gr,
819 3187 844 3238 p,
858 3177 902 3223 39.
936 3175 1068 3237 Opposuit
1090 3176 1159 3235 Ari-

69 3251 210 3305 poetarum
223 3249 251 3293 et
262 3242 453 3293 Ciceronianae
467 3240 594 3291 dictionis
636 3245 769 3304 stotelem‚
787 3243 833 3304 qui
845 3243 958 3300 Periclis
974 3258 1009 3300 ex
1022 3245 1158 3296 laudatio-

70 3312 277 3363 extenaandam.
303 3312 345 3361 Ac
357 3324 443 3372 nuper
454 3312 594 3364 admodum
634 3326 669 3363 ue
687 3312 795 3363 funebri
815 3313 974 3363 sententiam
991 3314 1159 3375 ingeniosam

70 3379 594 3445 Lobeekiusinsaplr.lliac.145.uber·
636 3381 775 3446 servavit,
807 3381 855 3429 sed
880 3380 1012 3433 incertum
1029 3395 1064 3433 ex
1083 3395 1170 3445 eorn-¹

70 3450 166 3501 umam
175 3449 206 3499 in
217 3452 266 3499 lroc
273 3461 373 3512 genere
381 3449 521 3503 materiam
528 3460 594 3498 con·
635 3449 775 3502 mensariis
785 3460 820 3501 en
833 3451 955 3510 populari
961 3451 1159 3516 memoriapro-

71 3521 166 3582 gessit.
201 3519 255 3569 'ed
273 3520 455 3575 monomenta
473 3531 534 3567 eum
551 3517 594 3568 die
636 3521 727 3583 ditem,
745 3519 871 3580 Spengel.
884 3520 990 3570 Anticum
1003 3521 1114 3583 Scripto-¹
1127 3535 1158 3583 p.

72 3595 167 3638 cantur
181 3599 280 3651 opera,
297 3587 392 3650 quihus
406 3587 534 3639 memoria
546 3588 595 3636 lto·
635 3591 680 3638 61.
698 3588 790 3650 Neque
804 3588 933 3637 absonum
946 3596 988 3638 est
1002 3601 1036 3638 ex
1048 3601 1080 3638 ee
1092 3601 1173 3655 cone,

70 3658 171 3709 trinum
200 3656 308 3718 publice
339 3663 516 3706 conservetur
551 3658 594 3713 [v.
636 3658 755 3720 lettere,
779 3657 849 3720 quod
864 3657 964 3708 Pericli
976 3658 1172 3719 'thucydidem¹

70 3724 177 3790 Bnhnlr.
185 3724 322 3775 invellei.
331 3725 354 3790 Ι,
369 3727 434 3790 110,
447 3724 595 3774 orationem
637 3725 767 3787 adiungit.
801 3727 870 3776 Nam
883 3729 953 3786 apud
965 3727 1159 3777 nobilissimum
1214 3778 1217 3787 ,

72 3793 168 3844 Cicero
179 3794 245 3844 dicit
253 3795 366 3843 Athenis
373 3795 485 3855 primum
493 3792 594 3847 litteris
636 3793 1117 3857 historicum,cniusooncionesinlta
1132 3809 1158 3854 c,

72 3869 98 3913 et
108 3864 205 3913 usibus
219 3863 333 3924 publicis
346 3876 407 3913 esse
420 3862 570 3920 traditam]
637 3863 681 3915 83.
694 3870 722 3912 et
732 3863 807 3923 Oret.
820 3866 854 3914 9.
865 3864 1085 3928 (elaeomeli,
1097 3868 1158 3924 22.)

120 3935 167 3984 27.
210 3932 355 3991 Periclem]
393 3931 483 3980 Aliter
509 3929 595 3980 sensit
637 3933 833 3999 diiudicentur,
857 3946 917 3992 etun
932 3940 1004 3982 extet
1015 3933 1100 3986 oratio
1111 3933 1159 3994 fu,-

73 3999 254 4059 Quintilianus
266 4000 323 4066 Ill,
342 4002 373 4068 1,
391 4002 433 4051 12.
450 3998 596 4061 Cicereia
626 4000 728 4051 nebris
747 4001 862 4051 omnium
875 4014 997 4051 sermone
1010 4002 1158 4067 celebrata,

70 4069 168 4139 ¹Bruta
178 4071 269 4137 nepot
283 4071 351 4122 ante
368 4067 500 4127 Periclea
517 4068 595 4128 scri·
638 4083 705 4125 sane
718 4069 813 4120 Cicero
827 4066 1173 4132 videturindedescriptis'

71 4140 152 4202 pass
172 4139 349 4205 quidquem·
369 4139 446 4204 paea
459 4141 595 4199 ortam
637 4138 752 4198 Patalis
765 4139 866 4206 aliqud
879 4151 941 4191 esse
955 4137 1133 4209 suspicatus]

344 4245 357 4274 Ι
