2676 4748
550 302 634 396 cap.
654 306 711 376 ιι.
733 303 790 376 re
1110 276 1112 280 ‘
1165 304 1211 376 aa

117 490 363 582 Thucydides,
383 491 443 581 qui
456 497 494 560 et
505 484 725 560 Atheniensis
739 495 814 560 erat
827 494 863 557 et
875 508 1006 557 summo
1019 492 1096 560 loeo
1106 497 1208 560 natue

120 581 558 669 enm-usqueviretpaulo
573 590 684 647 aetate
695 579 877 670 posterior,
898 587 1028 646 tautum
1037 587 1207 648 mertuum

119 670 264 758 scripsit
277 676 314 734 et
330 670 366 746 in
378 668 497 734 Attica
512 670 597 734 clam
613 668 805 746 humatum,
824 664 956 732 addidit
973 667 1080 734 luisse
1093 668 1208 757 suspi-

119 756 252 824 cionem
276 777 400 822 venene
422 754 490 821 sibi
512 756 716 823 conscivisse
738 759 898 820 mortem:
927 754 1012 820 huuc
1027 755 1086 822 isti
1101 755 1208 840 aiunt,

118 865 199 912 cnm
218 850 355 910 taurum
373 842 635 921 immolavisset,
665 842 839 930 excepisse
859 842 1053 923 sanguinem
1076 851 1209 932 patera,
1312 910 1315 915 ,

117 938 157 997 et
178 952 219 997 ee
239 937 319 1020 poto
341 937 509 996 mortuum
530 926 729 998 concidisse.
772 928 857 992 hanc
872 927 958 991 enim
976 937 1117 995 mertem
1129 932 1210 998 rhe-

118 1017 228 1084 torice
241 1025 278 1082 et
290 1018 420 1101 tragice
435 1037 556 1082 ornare
568 1018 768 1103 potuerunt:
790 1014 852 1079 illa
866 1034 957 1080 mors
969 1016 1119 1102 vulgaris
1131 1021 1210 1105 nul-

118 1106 189 1170 lam
215 1102 400 1191 praebebat
420 1102 593 1166 materiem
617 1098 661 1166 ad
677 1104 846 1168 ornatum.
887 1098 1021 1182 Quare,
1051 1104 1208 1190 quoniam

119 1189 186 1258 tibi
201 1191 251 1254 ita
265 1187 421 1276 quadrat,
441 1187 551 1253 emnia
566 1185 673 1250 fuisse
687 1185 724 1251 in
738 1183 969 1251 Themistocle
983 1190 1079 1275 paria
1091 1199 1126 1256 et
1141 1189 1209 1260 Go-

101 1276 265 1357 ·riclano,
277 1272 575 1364 pateramqueque
590 1294 608 1337 a
624 1273 906 1339 mesumaslicet:
929 1274 1096 1361 praebebo
1105 1277 1208 1348 etiam
1293 1336 1299 1351 ,

118 1363 287 1444 hostiam,
323 1370 364 1428 ut
397 1358 600 1429 Coriolanus
626 1363 675 1424 sit
702 1359 803 1445 plane
833 1361 921 1424 alter
949 1359 1209 1438 Themistocles.

118 1453 178 1520 44.
207 1448 263 1517 Sit
278 1471 377 1530 sane,
395 1449 551 1536 inquam,
568 1452 609 1512 ut
623 1446 738 1526 lubet,
760 1443 802 1510 dc
817 1445 904 1512 isto:
937 1456 972 1513 et
992 1470 1053 1535 ego
1072 1455 1207 1522 cautius
1274 1488 1277 1499 ι

117 1537 265 1628 posthae
280 1537 454 1603 historiam
469 1534 645 1620 attingam,
661 1539 697 1599 te
712 1530 880 1614 audiente,
901 1554 998 1622 quem
1012 1559 1125 1609 rerum
1137 1539 1208 1609 Ru·

118 1646 298 1707 manarum
312 1628 488 1704 auctorem
498 1621 638 1688 laudare
648 1640 787 1711 possum
802 1620 1106 1707 religiosissimum.
1138 1618 1208 1698 Sed

119 1713 279 1780 tumfere
293 1710 461 1793 Pericles,
481 1709 670 1799 Xanthippi
684 1708 787 1789 filius,
808 1707 850 1773 de
864 1729 931 1795 que
944 1719 1021 1778 ante
1034 1712 1116 1796 dixi,
1137 1717 1209 1807 pri-

94 1801 102 1806 '
120 1821 199 1866 mus
220 1799 374 1866 adhibuit
393 1798 597 1866 doctrinam:
620 1817 710 1885 quae
724 1815 927 1882 quamquam
940 1806 1012 1863 tum
1026 1804 1119 1870 nulla
1133 1813 1209 1872 erat

119 1886 276 1968 dicendi,
299 1894 409 1953 tamen
423 1887 467 1953 ah
478 1885 682 1990 Anaxagora
695 1882 836 1974 physice
852 1878 1025 1970 eruditus,
1047 1893 1223 1961 exercita·¹

118 1976 248 2041 tionem
268 1975 390 2040 mentis
409 1996 430 2040 a
448 1972 634 2041 reconditus
648 1970 885 2060 abstrusisque
903 1972 1005 2041 rebus
1023 1976 1066 2042 ad
1085 1993 1208 2048 causas

96 2060 99 2069 ¹
121 2063 277 2141 forenses
293 2062 541 2150 popularesque
554 2058 654 2126 facile
668 2058 877 2128 traduxerat.
917 2060 1018 2129 huius'
1040 2068 1209 2146 seueritate

120 2150 264 2216 maxime
283 2149 448 2217 hilaratae
466 2156 548 2216 snut
565 2147 740 2214 Athenae:
766 2147 867 2215 huius
888 2146 1077 2219 ubertatem
1097 2162 1133 2220 et
1151 2175 1209 2224 co·

120 2239 214 2327 piam
230 2236 434 2317 admiratae,
452 2234 601 2321 eiusdem
617 2237 682 2302 vim
698 2232 832 2308 dicendi
846 2244 1075 2326 terroremque
1087 2242 1210 2310 timue.

119 2332 214 2407 runt.
255 2323 338 2393 ΧΠ.
371 2326 427 2393 45.
448 2322 546 2391 Haec
562 2323 668 2408 igitur
689 2328 783 2390 aetas
803 2323 914 2409 prima
926 2324 1073 2394 Athenis
1095 2336 1211 2399 orato·
1257 2408 1261 2413 ,

119 2435 195 2481 rem
212 2433 319 2502 prope
340 2414 526 2501 perfectum
548 2412 641 2481 tulit.
684 2407 759 2475 Nec
774 2411 862 2475 enim
876 2409 912 2475 in
927 2415 1210 2486 constituentibus

120 2521 194 2570 rem
217 2492 386 2588 publicam
409 2521 470 2566 nec
488 2500 524 2566 in
541 2498 632 2564 halla
650 2495 845 2583 gerentibus
859 2516 920 2562 nec
935 2497 971 2564 in
983 2499 1156 2589 impeditis
1170 2526 1209 2574 ac

118 2680 123 2691 “
188 2672 234 2728 43.
269 2676 303 2726 ad
316 2676 453 2736 ornatum]
477 2673 517 2729 ad
531 2673 694 2728 eruendum
711 2671 805 2735 hamb.
818 2670 847 2726 iu
860 2681 945 2738 marg.
960 2671 1038 2733 1584.

142 2794 149 2803 ,
189 2743 392 2805 ctccriclauo]
417 2742 964 2807 nemea.1›r.ectncorsoranonanu.
1004 2760 1008 2766 ·

188 2811 236 2867 44.
270 2827 429 2878 quamquam
443 2816 512 2874 tum]
535 2827 562 2880 q.
576 2816 646 2865 tanc
660 2816 702 2865 cd.
714 2828 757 2876 pr.
774 2813 839 2867 item
855 2825 881 2866 c.
894 2812 937 2882 14,
950 2811 993 2866 56.
1010 2814 1081 2868 tunc
1093 2815 1193 2873 ullum.

188 2891 255 2935 aaut
269 2883 407 2942 Athenae]
429 2883 559 2934 Athenae
572 2886 642 2937 sont
658 2882 700 2934 ed.
716 2897 758 2947 pr.

190 2951 223 3004 C.
242 2954 285 3003 12.
297 2951 342 3003 45.
384 2965 434 3001 uec
448 2953 478 3002 in
490 2953 564 3004 bella
576 2951 731 3018 gerentibus
743 2961 795 3005 nac
807 2947 836 3004 in
848 2947 927 3017 inp]
949 2963 1002 3007 aar
1015 2949 1087 3006 bellu
1102 2965 1211 3022 amen·

103 3038 108 3051 ¹
152 3020 232 3087 tttnq
244 3033 298 3074 aec
311 3019 455 3086 comeditis
471 3024 513 3074 ed.
525 3034 567 3088 pr.

117 3201 184 3243 nem
202 3193 286 3255 paulo
306 3191 414 3256 longius
435 3190 597 3243 arcessitam
617 3197 645 3241 et
687 3190 785 3258 retur,
802 3191 957 3256 numquam
970 3188 1211 3259 charismatum

119 3272 208 3310 voces
227 3261 306 3327 illas,
331 3274 382 3328 epo
399 3262 513 3312 cautior
522 3259 645 3325 posthac
685 3263 773 3328 poeto
793 3261 926 3326 scalpere,
952 3263 1074 3328 tenore,
1095 3268 1209 3328 permi-

118 3328 278 3380 autuman
299 3332 444 3396 atticorum
473 3335 646 3393 (quamquam
686 3327 929 3382 acereGroeee'om
942 3329 1038 3382 dictus
1051 3337 1136 3389 ercet.
1160 3337 1210 3389 ln·

118 3397 201 3451 licuit
214 3396 337 3451 Ciceroni
350 3399 475 3463 quicquid
489 3402 517 3450 id
529 3400 583 3451 tuit
593 3399 646 3448 im·-
686 3400 731 3451 ira
748 3412 773 3449 e.
784 3399 830 3465 77,
847 3401 909 3451 268.
932 3399 966 3452 Ι..
979 3401 1120 3454 Lentulus
1135 3405 1211 3458 ratic

118 3467 287 3531 prudentiae
310 3467 339 3519 in
366 3468 474 3530 dialogo
494 3469 645 3535 refugere),
688 3470 756 3521 erat
770 3467 862 3534 fortir
874 3471 997 3538 orator,
1013 3485 1074 3524 cca
1087 3486 1210 3543 canora,

119 3534 242 3598 suspicio
261 3534 506 3604 foederarentur,
532 3538 646 3588 cicero·
687 3538 777 3590 uerba
787 3548 845 3586 aaa
859 3536 983 3590 torrido
995 3552 1082 3608 ecce,
1099 3545 1135 3595 att
1145 3547 1210 3608 ple·

119 3616 183 3657 nean
200 3605 303 3656 elicuui
319 3606 440 3657 tabulam
454 3607 534 3658 istam
546 3608 579 3656 de
593 3605 648 3656 Co·
689 3621 729 3658 na
735 3607 811 3658 esset
817 3606 907 3656 anime·
913 3610 943 3660 et
955 3611 1127 3662 terreris
1139 3624 1211 3666 ere-

120 3673 228 3725 rlolnnu
239 3680 403 3749 usurpasse:
420 3675 647 3738 quotactoinrlt·
688 3675 740 3728 tic.
767 3675 841 3735 [linc
853 3679 1211 3741 seutential'uucydidlsin·

120 3741 168 3795 ilci
179 3744 418 3808 reprehensionem
429 3744 578 3804 inciderit]
688 3744 793 3796 teralie
800 3746 929 3805 quaedam
937 3748 1058 3814 respicit,
1071 3749 1115 3798 nbi
1122 3751 1211 3802 maie·

141 3864 144 3869 ,
170 3807 216 3862 43.
252 3813 438 3875 Thucydides]
465 3813 572 3877 1,138.
688 3822 786 3866 statem
799 3813 914 3896 Perp'ciis
931 3817 1050 3896 depingit
1068 3819 1211 3881 magnifice

168 3877 216 3931 44.
251 3882 285 3931 de
298 3895 350 3944 quo
364 3891 428 3933 ante
441 3882 509 3941 dixi]
535 3882 565 3932 G.
578 3882 606 3933 7.
687 3885 727 3951 11,
744 3881 788 3936 65.
805 3874 889 3933 «inere
901 3899 967 3950 your
977 3880 1108 3937 αἴσθοιτό
1118 3903 1148 3937 τι
1159 3881 1213 3940 cei-

76 3968 80 3976 ·
171 3949 208 4000 ab
226 3950 391 4012 Anaxagora
410 3953 493 4014 phys.
507 3950 643 4012 cruditus]
685 3947 748 4006 cerie
768 3945 846 4016 nopai
863 3948 963 4019 καιρόν
979 3947 1059 4018 ὕβρει
1072 3951 1212 4021 θαρσοῦν-

122 4012 157 4068 V.
169 4017 269 4068 Heind.
284 4019 312 4069 in
327 4020 398 4071 Plat.
412 4021 526 4071 Phaedr.
544 4020 604 4072 120.
685 4036 743 4084 ece,
760 4016 846 4087 λέγων
858 4016 1044 4085 κατέπλησαν
1055 4015 1102 4072 ἐπὶ
1113 4019 1146 4074 τό
1158 4041 1212 4092 φο·

170 4091 368 4151 terroremque]
395 4089 554 4140 1u0ratore
578 4103 602 4138 c.
615 4093 641 4154 9,
684 4090 808 4157 prindere,
821 4079 1153 4156 xuidsdadeeeaddidyce
1160 4089 1212 4146 du-

123 4150 164 4206 29.
185 4156 315 4211 Pericles
327 4159 354 4210 ai
365 4159 447 4210 tenui
457 4170 565 4226 pecare
576 4161 643 4212 cte-
684 4158 834 4226 τικαθίινη
846 4153 934 4216 uita
941 4152 1036 4291 {⁷:ch
1049 4158 1189 4229 aemam]
