2676 4748
348 277 353 296 '
500 314 847 406 ananrnrro.
1166 332 1212 385 a

115 521 347 588 musae
358 514 490 587 similias
511 518 582 598 pais
593 534 690 577 sonas
702 518 766 579 erte
777 516 857 596 pam
871 509 968 575 alea
978 509 1033 574 oet
1042 498 1126 575 aare
1134 528 1214 596 pro-
1296 488 1302 498 ⁵

117 628 284 691 Reimea
294 626 424 706 coptam
437 619 609 700 anteferet
621 620 762 683 oliorum
772 618 946 681 emmas
960 615 1145 697 mgaatiia?
1168 682 1172 687 ,

231 823 399 913 Superest
418 825 460 887 ut
474 838 611 886 causam
626 824 820 884 nostrorum
839 815 1143 886 additamentomm
1155 834 1214 884 ax·

125 925 323 1024 podismus,
352 945 439 1014 quaa
457 923 642 990 necessitas
658 919 822 1010 quaedam
840 923 985 987 extorsit
998 922 1215 1011 quantumvis

127 1035 246 1103 inrita.
305 1026 509 1116 Propositus
532 1033 626 1108 orat,
661 1022 752 1091 uude
773 1023 1006 1113 Bibliothecae
1027 1023 1215 1116 primordia

131 1135 402 1224 supinaremur,
435 1129 599 1196 &caronis
626 1127 775 1202 Basca,
811 1145 911 1212 quem
938 1125 975 1193 in
1003 1142 1216 1213 sucgerere
1273 1167 1275 1172 ·

128 1214 459 1328 praestantissimum
479 1228 633 1296 libellum
653 1248 719 1293 non
737 1227 848 1293 solum
862 1228 1052 1314 argumenti
1065 1232 1216 1317 gravitat

125 1335 343 1406 sommendat
362 1340 434 1401 tam
454 1332 589 1419 copiose
608 1351 647 1396 ac
660 1327 842 1416 diligenter
854 1339 1030 1414 onomata,
1055 1333 1141 1401 nitu
1155 1331 1217 1401 ad·

127 1440 265 1509 modam
285 1445 326 1506 ut
350 1434 539 1504 desiderari
558 1434 686 1523 possit,
714 1433 775 1502 sed
795 1434 958 1503 orationis
975 1437 1077 1504 etiam
1090 1438 1218 1506 incom-

127 1553 211 1634 ptae
233 1544 328 1611 nitor
345 1547 381 1606 ct
400 1539 513 1625 gratia
531 1539 722 1628 pollucem,
748 1556 925 1628 quaecum
939 1539 1122 1628 plurimum
1137 1562 1218 1611 con·

128 1651 220 1716 leem
241 1645 285 1712 ad
306 1644 503 1712 facultatem
523 1638 707 1726 augendam
727 1648 764 1708 at
775 1641 982 1710 urbanitatis
994 1663 1117 1734 sapore
1131 1647 1218 1714 mol·

127 1753 211 1819 liter
221 1745 434 1835 tingendam,
454 1754 526 1814 turn
541 1745 603 1811 lroc
618 1745 809 1832 exoptatior
826 1766 904 1813 osse
922 1745 1080 1821 debetet
1098 1749 1218 1819 utilior

130 1853 176 1922 ad
195 1854 279 1942 opes
300 1849 512 1937 eloquentiae
527 1846 708 1914 Tullianae
725 1868 860 1936 semper
872 1849 1057 1917 mobilis'et
1068 1851 1218 1938 ingenio-
1273 1882 1277 1887 ’

129 1979 190 2027 sae
208 1951 482 2044 perspiciendas,
512 1949 603 2039 quod
621 1949 751 2020 Brutus
768 1952 859 2020 inter
876 1953 985 2022 libros
999 1952 1059 2044 qui
1073 1954 1114 2022 de
1127 1944 1219 2025 Ora-¹

128 2069 207 2131 tore
227 2063 310 2127 sunt
327 2056 483 2130 omnibus
504 2056 653 2123 numeris
675 2057 761 2124 artis
775 2064 811 2124 et
826 2058 1027 2127 elocutionis
1041 2059 1217 2132 absolutos

129 2171 170 2234 et
196 2162 401 2253 opusculum
421 2157 510 2225 illud
534 2159 783 2228 exactissimum
804 2167 980 2251 totumque
1000 2163 1140 2233 lacertis
1160 2188 1219 2235 ax·
1290 2246 1294 2260 ἱ

129 2288 288 2360 pressum
306 2264 487 2332 Oratorem
502 2260 700 2331 interiectus
714 2271 768 2331 eat
780 2267 940 2335 stlocum
955 2267 1058 2358 plane
1071 2267 1219 2340 medium
1323 2260 1325 2282 ³

130 2379 246 2453 unet,
278 2368 380 2458 quasi
404 2366 465 2456 qui
487 2366 656 2455 placidum
679 2374 779 2436 sonet
795 2371 948 2439 oratione
965 2370 1100 2439 iamiam
1120 2392 1220 2443 cana·

135 2481 266 2544 scente.
312 2470 423 2539 Huius
448 2476 560 2537 tarum
578 2471 757 2538 lectionem
776 2482 817 2539 ut
836 2475 934 2562 lepor
954 2474 1090 2543 nativos
1109 2479 1220 2548 sensi-²

136 2578 218 2645 bns.
229 2574 356 2643 nostris
372 2571 485 2641 reddit
511 2574 827 2657 familiarissimam,
861 2576 910 2642 ita
930 2586 1144 2648 remorantur
1163 2604 1219 2652 aa·

135 2681 252 2750 verius
272 2677 509 2767 inquirentem,
536 2699 624 2767 quae
646 2700 746 2746 caras
763 2679 956 2775 criticorum
973 2680 1126 2751 solicitas
1140 2704 1218 2754 com

133 2781 355 2876 amplissimis
390 2783 500 2871 copiis
536 2783 828 2875 interpretationis
859 2766 993 2852 iunct'as
1023 2795 1218 2877 exposcant.-

131 2884 373 2976 mesquitam
392 2885 484 2954 lraud
501 2889 599 2976 pauci
620 2888 772 2979 suspecti
786 2888 841 2956 vel
853 2886 984 2972 allecti,
1004 2891 1127 2979 quibam
1140 2913 1219 2985 per·

132 2986 294 3081 sanandis
315 2990 442 3059 auxilia
467 2998 605 3081 praesto
625 3001 706 3059 sunt
722 3012 783 3060 nec
802 2988 889 3061 satis
900 3000 1033 3063 vetusta
1048 3017 1110 3064 neo
1123 2997 1220 3067 boni-

134 3102 208 3165 tate
227 3101 288 3162 aut
309 3115 449 3162 nurnero
466 3095 631 3185 pollentia
649 3117 711 3163 uec
727 3095 793 3164 lide
804 3117 920 3165 eoram
934 3101 994 3188 qui
1007 3101 1221 3170 contulerant

132 3220 276 3289 prorsus
297 3199 489 3288 explorata:
524 3196 690 3288 siquidem
708 3201 930 3288 auctoritates
950 3203 1153 3292 optimorum
1169 3210 1221 3273 te·

134 3303 259 3385 edum,
285 3299 324 3369 id
346 3308 420 3382 est,
445 3298 547 3369 MSS.
569 3300 717 3371 Parisini
731 3311 767 3370 et
780 3304 1120 3392 Guelferbytenorum
1142 3314 1221 3376 curri
1281 3302 1287 3333 ¹

134 3405 281 3474 editione
300 3403 470 3485 Romana,
497 3412 615 3492 utpote
637 3430 655 3474 e
680 3408 846 3476 communi
863 3409 956 3475 fonto
977 3408 1120 3493 ductae,
1148 3411 1221 3480 iera

134 3506 341 3577 concordant
364 3529 403 3575 ac
423 3508 574 3574 rationes
594 3511 784 3600 scripturae
805 3512 1013 3596 tralaticias,
1038 3515 1221 3602 quae‘laloa

133 3614 324 3700 saharim
343 3614 570 3699 exemplorum
591 3614 737 3681 nondum
753 3622 868 3682 essent
882 3615 1044 3699 iniectae,
1071 3619 1221 3708 plerum·

133 3737 201 3805 quc
221 3710 380 3805 probant.
421 3716 632 3806 Quamquam
652 3716 802 3808 reliquos
822 3716 929 3787 libros
942 3710 1127 3789 rhetoricos
1141 3742 1222 3807 cou-

132 3818 286 3887 tandenti
306 3804 482 3910 predelam
500 3843 576 3888 cunr
597 3820 708 3890 Bruto
729 3822 864 3891 videtur
883 3830 994 3892 actum
1009 3823 1135 3908 luisse,
1160 3825 1222 3915 qni

134 3925 237 4011 paolo
254 3923 428 4011 graviores
454 3923 591 3992 mendas
611 3932 647 3993 et
665 3925 803 3994 fraudes
822 3947 902 3994 raro
923 3920 1128 4014 susceperit,
1162 3951 1222 3998 nc-

98 4072 101 4077 ·
134 4028 326 4116 quovitium
339 4026 502 4097 recondat
514 4033 762 4118 qualecunque,
783 4031 874 4120 quod
889 4030 1103 4118 sagacitatem
1117 4031 1219 4100 Lam·
1265 4028 1267 4032 ’

133 4131 206 4201 bini
223 4131 398 4203 fefellerit.
447 4130 518 4200 Sed
528 4134 636 4220 'longe
654 4135 754 4226 plura
774 4140 957 4224 supersunt
974 4135 1218 4224 interpretibus
1333 4213 1335 4217 ,

133 4236 188 4307 mi
209 4237 300 4326 iuris
317 4236 526 4321 amolienda,
550 4237 644 4327 siqui
662 4238 885 4329 multiplicem
906 4235 1096 4308 doctrinam
1116 4241 1217 4313 (lice-
