2676 4748
166 296 236 371 m
586 293 832 371 dutinus.

168 486 225 555 isis
261 484 384 553 rimuns
396 506 473 553 cuns
488 483 697 554 Graecorum
712 485 823 573 glorie
833 485 957 554 Lstsne
971 483 1109 555 siscensis
1127 508 1167 554 co

237 509 262 575 p
417 572 598 641 XXXVII
843 575 853 591 '
960 575 970 591 ”
1167 510 1260 595 pn'n

167 584 384 741 ῗιῗᾙὲιξῗιωιιις
415 683 523 749 eoque
537 575 877 751 suo'qffiq'ugffiff
895 574 1260 753 ἰιοὶιῃίιῑιιίιθιζιῐιιιλιιὶιιῐιιῑῖιὲ·θ
1326 736 1329 741 ,

156 751 270 819 -flcere
289 759 326 816 et
343 749 457 815 solere
474 758 633 837 possent,
660 759 700 817 ut
714 753 758 817 ab
772 751 977 840 imperatore
989 753 1142 839 equites,
1164 752 1260 841 pedi-

166 846 234 919 tes,
255 839 341 904 levis
354 843 538 918 armature,
559 841 609 905 sic
625 840 741 904 abilin
756 840 791 904 iu
810 839 951 905 maxime
963 840 1165 929 opportunis
1181 860 1257 908 nru-

166 926 272 993 tionis
311 924 444 1029 artibus
458 927 727 1019 collocabantur.¹
752 926 839 993 Erat
851 928 1011 993 memorie
1026 947 1169 1009 summo,
1183 928 1257 995 nul·

166 1014 204 1085 ln
223 948 452 1085 notificatione
472 1015 634 1103 suspicio.
688 1016 877 1101 imparatus
899 1036 1033 1103 semper
1053 1014 1194 1099 aggredi
1213 1015 1256 1084 sd

167 1100 346 1169 dicentium
363 1099 560 1169 videbatur:
584 1100 646 1168 sed
659 1102 708 1167 ita
725 1111 799 1167 erat
813 1109 971 1191 paratus,
992 1110 1032 1168 ut
1048 1102 1182 1170 iudices
1195 1103 1257 1169 iilo

165 1187 301 1259 dicente
316 1210 551 1275 nonnunquam
563 1190 761 1255 viderentur
773 1212 839 1255 non
853 1192 938 1256 satis
951 1191 1064 1279 parati
1079 1188 1123 1255 ati
1137 1212 1258 1258 caveu-

167 1276 249 1345 ιΙιιιιι
269 1278 389 1344 fuisse.
432 1280 509 1345 140.
530 1275 647 1344 Verba
661 1278 734 1367 ipso
757 1299 823 1344 uon
842 1278 905 1343 iila
921 1276 1056 1367 quidem
1073 1278 1257 1364 elegantis·

166 1364 255 1431 sinso
281 1385 454 1431 sermone:
491 1367 607 1452 itaque
628 1364 810 1451 diligenter
828 1364 992 1454 loquendi
1011 1363 1113 1431 leude
1132 1360 1257 1446 caruit,

164 1463 398 1589 nequptamen
410 1451 652 1519 estedmodum
664 1453 1002 1541 inquinatelocntus3
1023 1450 1085 1520 sed
1097 1452 1159 1519 ilie
1167 1474 1258 1543 quse

234 1613 265 1664 c.
278 1614 324 1665 ³7.
340 1608 401 1663 ito.
435 1611 529 1677 itaque
544 1611 701 1677 diligenter]
722 1613 806 1679 apest
822 1610 904 1678 dilip.
921 1612 965 1662 ed.
981 1624 1023 1674 pr.

235 1684 286 1733 sed
302 1681 365 1740 illa]
387 1683 531 1732 llllendtns
547 1682 647 1748 itaque
663 1683 819 1750 dilipeuter
831 1706 864 1719 -
875 1681 1025 1747 mpsnnote
1040 1680 1156 1731 locatas
1168 1677 1256 1745 sigliis

159 1760 163 1769 ·
196 1748 413 1816 interpositionis
430 1750 470 1802 ita
486 1750 624 1819 distinxit,
645 1760 675 1802 ut
691 1753 822 1816 seditio,
844 1752 894 1801 boc
906 1758 966 1817 est,
988 1750 1120 1800 eiusmodi
1135 1748 1197 1799 sive
1210 1758 1255 1802 ts·

190 1820 254 1891 ¹lin,
285 1828 431 1871 revocaret
448 1821 482 1871 ed
505 1820 611 1872 initium
628 1823 778 1874 sententiae
796 1821 885 1872 verbo
900 1821 967 1885 ipso
982 1818 1041 1870 isoes
1058 1820 1112 1869 itta
1129 1819 1255 1887 pomus,

199 1892 332 1941 damnans
348 1891 430 1940 etiam
446 1890 479 1940 in
494 1890 607 1956 verbis,
631 1892 710 1940 cuius
727 1892 830 1941 nullum
846 1891 983 1939 inveniret
995 1889 1169 1951 explicatum.
1203 1889 1255 1938 lii-

198 1960 249 2010 lili
265 1960 396 2010 rationem
413 1960 531 2009 instituit
545 1960 755 2026 llillerbeclsius,
771 1960 817 2024 qui
832 1960 979 2009 membrum
997 1958 1113 2008 inferius
1132 1958 1174 2007 sic
1189 1960 1255 2008 red-

196 2028 367 2093 integrabat:
396 2029 448 2079 sed
470 2029 523 2079 tiis
545 2030 631 2080 tande
653 2030 771 2095 carnit,
800 2042 873 2095 pone
893 2027 1018 2094 proprie
1040 2029 1105 2077 lone
1121 2027 1255 2078 oratorie

198 2100 254 2149 est.
287 2100 382 2160 Neque
404 2098 433 2147 in
456 2099 548 2161 priore
565 2099 776 2150 conformatione
792 2099 891 2163 video,
916 2107 969 2161 qno
984 2097 1072 2159 possit
1088 2096 1255 2158 ualere-sed

197 2168 268 2225 iiior
290 2167 388 2217 saltem
404 2169 629 2232 expectabamus,
651 2169 703 2218 sed
719 2168 789 2234 ilio,
810 2167 916 2234 idest,
940 2177 1084 2217 somnone.
1126 2165 1254 2218 l’rsestet

196 2238 266 2289 bsec
287 2236 327 2285 sic
343 2236 550 2299 interpungere:
578 2236 671 2288 Verba
686 2237 752 2301 ipso
767 2250 826 2287 nors
841 2236 894 2288 illa
909 2236 1023 2301 quidem
1040 2236 1254 2300 eiepontttsisso

196 2318 347 2368 sermone,
367 2304 466 2370 ttopsoe
482 2305 641 2371 ditipenter
657 2307 792 2372 loqrtendi
807 2307 893 2357 unde
909 2305 1010 2355 caruit
1034 2308 1139 2368 (neque
1156 2307 1254 2357 tossen

196 2378 243 2427 est
267 2374 420 2425 admodum
442 2374 593 2441 inquinate
619 2377 768 2437 iocutnslp
795 2376 848 2425 sed
869 2375 939 2439 itia,
962 2385 1036 2440 qnae
1050 2375 1174 2438 proprie
1183 2377 1254 2427 'isus

196 2445 330 2495 oratoris
346 2446 392 2495 est
407 2444 438 2493 tn
454 2444 559 2497 serbis.
595 2448 664 2497 Nan
681 2445 850 2506 interpositis
866 2444 1027 2509 quibusnam
1042 2445 1144 2494 facturn
1159 2451 1253 2495 estut

166 2552 169 2557 -
197 2514 296 2566 cicero
318 2512 486 2564 descisceret
508 2526 526 2566 a
549 2514 685 2565 sentemie
708 2514 856 2576 primaria:
884 2514 979 2563 Verba
994 2512 1056 2573 ipsa
1073 2512 1184 2562 Antonii
1199 2524 1253 2564 non

195 2584 303 2648 quidem
330 2591 393 2633 sunt
409 2583 630 2650 elegentissime,
661 2585 710 2632 sed
727 2582 862 2634 tamenin
879 2580 916 2630 ils
933 2581 1083 2647 eligendis,
1113 2583 1253 2635 coliden-

197 2652 256 2718 dis,
274 2652 460 2703 devinciendis
477 2653 543 2701 nibil
560 2665 613 2721 noir
627 2653 662 2702 ad
680 2652 811 2701 rationem
828 2657 857 2699 et
875 2657 1011 2715 musonem
1028 2652 1064 2701 ad
1081 2657 1169 2701 artem
1182 2651 1252 2703 ilist-

194 2723 286 2789 gebnt
322 2722 418 2785 ltaque
435 2728 599 2771 structurum
615 2721 707 2770 olfecit
724 2720 917 2772 anacoluthon:
942 2719 1021 2769 cuius
1033 2720 1143 2782 generis
1158 2733 1253 2771 exen-

194 2793 244 2855 pla
257 2788 418 2841 diiudicarit
429 2788 560 2841 llattbiae
575 2791 608 2839 de
620 2784 733 2839 Anncol.
751 2804 778 2851 p.
795 2788 836 2838 18.
850 2800 909 2855 sq„
924 2789 971 2851 qui
984 2789 1147 2841 sententium
1161 2789 1252 2857 isissn,

188 2858 247 2913 'seri
264 2861 334 2926 illa,
362 2872 434 2925 quoe
448 2858 571 2923 proprie
588 2859 634 2910 est
647 2860 713 2908 taus
730 2857 862 2908 oratorie
878 2857 911 2908 trs
926 2856 1039 2924 uerbis,
1056 2870 1117 2908 cnm
1135 2858 1253 2925 scriptor

195 2930 384 2993 imperfectam
408 2929 580 2993 reliquisset,
611 2926 740 2990 deinceps
763 2927 911 2978 instenreri
936 2933 1046 2993 censet,
1078 2927 1253 2995 eliistuisen

195 3000 307 3064 verbis,
329 2999 381 3049 sed
395 2999 492 3049 tomen
508 2996 650 3049 Antonios
667 3005 721 3048 etc.
755 2996 867 3047 Beierue
885 3002 977 3048 autern
993 2996 1022 3045 iu
1039 2996 1148 3060 Fragm.
1162 2997 1252 3049 Orsit-

194 3068 254 3120 Gic.
279 3080 305 3131 p.
319 3067 363 3118 5³.
386 3068 548 3131 opinabatur
568 3073 632 3130 post
648 3078 696 3115 vv.
717 3067 769 3117 sed
785 3065 838 3117 illa
854 3066 919 3115 Mers
936 3065 1077 3127 expectari
1093 3067 1175 3117 talem
1192 3067 1253 3117 iere

195 3144 376 3203 structurum,
403 3137 435 3187 in
452 3136 575 3187 Aettorno
593 3134 671 3204 suit,
696 3138 730 3186 ot
746 3135 779 3185 in
794 3133 891 3187 verbis
904 3156 939 3170 -·
952 3134 1107 3201 diriperet.
1149 3136 1252 3195 [liuius
1287 3202 1290 3207 ι

193 3207 403 3269 explicationem
426 3214 534 3269 propter
557 3206 645 3268 ipsum
667 3205 867 3268 simplieitatem
898 3205 1060 3267 probemus;
1089 3216 1252 3268 qumquam

195 3286 289 3327 ornnes
307 3278 404 3327 debent
420 3274 591 3342 consentire,
614 3273 772 3325 ciceronem
789 3275 824 3325 ab
841 3273 936 3322 ordine
953 3275 1038 3324 semel
1050 3273 1189 3339 instituto,
1216 3284 1252 3324 ue

194 3354 259 3409 post
283 3353 323 3395 tot
348 3347 476 3410 ambages
494 3356 527 3397 ec
542 3346 684 3411 digressus
702 3344 820 3407 putidam
837 3342 960 3407 exigeret
975 3344 1171 3404 molestamque
1188 3354 1253 3391 ser-

193 3413 282 3467 monis
305 3416 541 3480 sequentiitateni,
570 3415 695 3465 consulto
719 3411 872 3462 detexisse.
924 3412 978 3462 Sed
991 3420 1030 3462 ,ιιι
1052 3409 1252 3461 diversissimis

193 3482 243 3535 ille
258 3483 409 3535 rationibus
427 3485 499 3535 solet
515 3491 669 3535 structurae
686 3481 878 3534 necessitatem
893 3482 1004 3533 eludere
1021 3486 1101 3543 stoue
1120 3482 1254 3542 grandem

161 3630 240 3682 quesn
263 3618 412 3671 orationem
435 3619 537 3673 babuit.
570 3617 605 3671 Α.
622 3622 685 3673 idn.
725 3625 835 3685 gmente
857 3631 928 3683 quse
952 3622 1114 3682 supersunt,
1138 3629 1253 3680 quorum

160 3700 224 3739 euni
237 3687 265 3739 iu
278 3690 606 3752 nllaroiuml’biilppun
618 3702 686 3740 con·
724 3691 855 3755 pleraque
873 3695 937 3739 sunt
959 3702 994 3739 ex
1018 3687 1184 3739 cretionibus
1203 3700 1252 3738 se-

161 3760 267 3823 sulen,
285 3757 416 3809 bominem
434 3761 601 3826 popularem,
619 3772 686 3810 cou-
725 3758 842 3811 notoriis
865 3766 913 3810 aut
937 3758 1111 3809 concionibus
1133 3764 1252 3821 sumpte.

161 3828 264 3879 tentius
287 3828 316 3879 in
344 3836 441 3879 senatu
459 3835 534 3878 esset
551 3827 687 3891 invectus,
726 3826 865 3880 orationis
889 3838 944 3891 pro,
960 3826 1068 3880 Licinia
1090 3827 1199 3890 virgine
1223 3833 1253 3876 et

148 3898 274 3951 -letslem
290 3897 319 3947 in
332 3899 453 3948 morbum
466 3897 562 3947 incidit
574 3896 686 3961 paucis·
727 3897 868 3949 §ursionis
885 3896 956 3961 legis
968 3897 1105 3948 serviliae
1120 3896 1253 3962 qnasdsns

160 3979 214 4032 que
247 3967 341 4017 diebus
371 3975 433 4030 post
468 3966 542 4018 obiit.
591 3965 688 4018 crasi
727 3974 946 4035 tantumpnrtes,
963 3966 1094 4021 orationis
1110 3965 1253 4017 censoriae

161 4047 389 4153 perpaucanon,
407 4049 458 4089 nec
471 4035 687 4100 eaindietorum,
727 4035 795 4087 nibil
806 4035 1091 4089 uisiconnseuterium
1103 4034 1195 4087 edidit.
1213 4034 1252 4085 V.

186 4102 261 4157 icero
282 4107 445 4170 pronunciet
473 4106 551 4157 orat·
575 4118 600 4157 c.
625 4105 685 4157 ab:
728 4104 817 4158 (trstt
830 4106 940 4167 urspn.
955 4103 1054 4169 plin.
1069 4105 1252 4174 sqpeewe-

162 4172 242 4225 cuias
272 4177 454 4230 mationem
488 4174 605 4231 dinusnt¹
626 4176 687 4241 irs·
729 4181 824 4229 sterni.
840 4172 1007 4239 §.to-51.
1111 4182 1114 4187 ·
1154 4196 1157 4201 ·
