2676 4748
167 260 235 394 'sa
610 276 852 393 anonas.

191 506 401 577 orationihus
424 513 535 580 auiam
555 510 719 594 ioiunior,
749 511 920 580 orationes
935 527 1010 578 eum
1026 503 1175 578 seribere
1194 511 1275 581 aliis

190 597 364 686 coepisse,
398 606 504 664 artem
527 602 722 668 removisse.
773 598 933 666 similiter
955 597 1139 666 Isocratem
1164 601 1275 687 primo

191 691 300 751 artem
312 683 444 752 dicendi
461 709 535 752 osso
547 689 733 773 negavisse,
754 687 903 775 scribere
916 693 1027 752 antem
1042 687 1120 752 aliis
1135 687 1276 754 solitum
1291 742 1295 749 .

191 773 381 852 orationes,
407 775 530 861 quibus
554 775 588 839 in
606 774 742 840 iudiciis
764 779 960 855 uterentur,
989 773 1049 838 sed
1071 795 1145 839 oum
1166 796 1208 841 ex
1223 796 1276 858 eo,

189 859 272 950 qnia
295 860 394 948 quasi
415 861 640 929 committeret
660 868 778 929 oonira
805 864 934 950 legam,
961 861 1128 950 qusquis
1149 861 1277 932 indicia

1040 1003 1048 1028 Ι
1270 1000 1274 1006 .

259 1033 305 1090 48.
338 1035 399 1101 quis
413 1035 525 1099 indicio]
552 1036 659 1104 anisio
671 1035 777 1089 iudicio
795 1039 839 1090 ed.
851 1050 894 1101 pr.
926 1037 1022 1090 Lama.
1055 1037 1127 1089 sane
1146 1036 1179 1090 ia
1195 1037 1276 1092 iadi-

226 1105 273 1162 cia
286 1106 510 1173 intelligendam,
530 1115 558 1157 ut
571 1108 623 1158 sita
646 1109 675 1159 in
688 1120 775 1160 caasa
792 1104 936 1161 iudiciaria
952 1120 1015 1158 nam
1037 1108 1276 1177 praepositionem,

225 1186 307 1238 qnam
318 1176 436 1228 formula
447 1177 517 1240 legis
529 1176 706 1240 Semproniae
719 1176 824 1246 nescit,
841 1175 954 1228 consilio
967 1176 1075 1225 videtur
1086 1175 1212 1228 omisisse
1227 1177 1276 1231 01-

181 1248 185 1253 ’
225 1254 306 1309 caro,
329 1256 390 1295 cam
408 1252 436 1297 et
457 1247 489 1295 ia
507 1244 622 1299 iudiciis
640 1257 802 1311 praegresso
820 1246 852 1302 ia
870 1243 1008 1302 ecdiciam
1023 1251 1166 1315 sequatur,
1188 1256 1277 1314 neque

224 1313 312 1378 possit
324 1313 485 1378 ambiguitas
499 1315 574 1369 oriri.
909 1348 913 1355 ·
1101 1332 1104 1339 '

240 1483 307 1547 quia
318 1484 397 1549 quasi
409 1485 598 1548 committeret]
617 1484 714 1550 ilxpll-
754 1485 855 1549 11707.
888 1486 991 1540 Veram
1008 1497 1095 1549 neque
1106 1497 1218 1538 cansam
1229 1485 1277 1539 ai-

190 1554 408 1605 cetlimestiasz
432 1557 516 1622 quase·
535 1557 603 1623 qaid
624 1557 714 1625 facis-
752 1559 827 1609 ferre
840 1555 922 1625 licet,
945 1563 1072 1619 patronos
1086 1563 1113 1606 et
1126 1557 1277 1607 advocatae

190 1623 253 1689 eei,
273 1635 330 1687 pet·
348 1624 423 1690 qaod
434 1626 539 1693 aliquis
556 1627 587 1679 ia
604 1625 713 1678 iudicia
754 1627 799 1689 qui
811 1627 928 1676 libenter
940 1625 1111 1688 admiserint,
1135 1637 1184 1675 cur
1194 1624 1277 1680 iidem

190 1689 466 1746 circumveniretur.
517 1696 561 1756 [is
587 1696 712 1758 opinatus
756 1695 893 1746 orationes
913 1690 1277 1746 10111011111110111110111-Ι
1333 1690 1336 1695 ’

190 1759 348 1816 Ciceronem
370 1766 406 1817 ad
425 1766 605 1817 Romanorum
623 1767 713 1829 legem
754 1777 805 1828 que
818 1764 897 1828 quasi
908 1765 1030 1814 fraudem
1051 1764 1084 1814 ab
1103 1763 1277 1828 1111011010-

190 1831 284 1880 nescio
303 1843 384 1895 qulam
402 1833 547 1901 allusisse,
571 1833 600 1884 in
620 1833 712 1898 suspl-
753 1833 903 1898 moverint,
928 1844 978 1882 nec
992 1832 1121 1883 rationem
1142 1832 1276 1896 inteiligi-

190 1898 296 1950 aionem
307 1902 424 1952 vocabat
437 1901 537 1966 quasi.-
560 1904 630 1966 quood
649 1903 712 1966 qui-
753 1915 831 1968 mus,
848 1910 902 1964 qua
915 1913 1052 1951 sermones
1065 1900 1213 1952 adventicii
1225 1902 1277 1952 de·

190 1966 253 2018 dam
272 1969 391 2029 speciem
407 1971 598 2023 criminationis
612 1971 711 2037 arguit,
753 1971 996 2036 prehenderentur,
1019 1969 1072 2020 nisi
1086 1970 1156 2020 iorte
1169 1970 1276 2022 delata-

190 2047 241 2086 nec
253 2038 342 2089 didere
351 2041 386 2091 ab
394 2040 475 2090 simili
481 2040 711 2107 quadrimoda]
752 2040 829 2090 ribus
840 2030 938 2102 alique
952 2039 1005 2089 init
1017 2039 1105 2088 iocus.
1126 2038 1277 2102 ltaquevi-

190 2105 245 2156 Sed
262 2105 358 2159 cicero
377 2111 447 2174 quood
462 2107 571 2162 accidit
582 2111 608 2161 io
623 2111 711 2162 Grae·
754 2054 1278 2169 10111011111101001111ὶί0010οΜ

190 2171 251 2242 010,
273 2177 335 2240 lege
352 2177 475 2230 1101010
492 2179 620 2231 illustrat.
654 2180 712 2230 Ex·
753 2176 1187 2228 Atheniensiuminstitutatumin
1198 2176 1298 2228 meni

192 2243 269 2295 tabat
287 2249 443 2305 autemlex
464 2249 637 2313 Sempronia,
659 2261 712 2299 aa·
754 2255 782 2298 te
794 2246 930 2312 habuisse,
944 2246 1104 2306 praesertim
1117 2257 1152 2296 ea
1165 2242 1278 2307 anafum

184 2358 188 2367 .
267 2313 374 2376 iudicio
386 2317 668 2377 circumveniretur:
683 2329 712 2373 v,
754 2317 815 2378 ipse
826 2315 981 2366 meminisse
999 2315 1083 2365 salet:
1105 2320 1135 2364 ut
1150 2314 1278 2366 continuo
1304 2328 1312 2339 “

215 2380 251 2432 10.
266 2397 290 2445 p.
305 2383 410 2443 cluent.
422 2385 472 2450 55,
490 2385 549 2441 151.
573 2393 601 2446 et
619 2385 712 2442 liaite-
755 2386 792 2452 ll,
811 2387 854 2453 16,
870 2382 897 2435 d.
914 2386 945 2437 el
957 2383 1077 2435 Atdeais
1088 2394 1215 2450 qaomoe,
1228 2383 1278 2437 adi
1306 2418 1310 2425 ‹

190 2459 240 2503 rue
254 2451 312 2507 ind.
323 2454 435 2518 [tegam.
462 2454 564 2506 Similis
577 2457 654 2506 locus
670 2463 713 2507 est
753 2457 961 2516 actormoaare
970 2453 1090 2522 affectas
1101 2453 1277 2523 aeiadatar'p
1291 2502 1296 2511 ,

192 2521 276 2584 016,
293 2524 337 2582 dd.
361 2525 487 2576 Timaeus
501 2525 616 2587 Lysiam
630 2523 714 2590 quasi
754 2526 834 2589 idque
855 2525 986 2576 transfert
1016 2525 1051 2574 ad
1071 2522 1278 2577 Demosthenem

192 2586 298 2645 Licinia
316 2599 343 2643 et
357 2591 449 2645 Mucia
466 2594 527 2657 lege
545 2594 644 2654 repetit
657 2596 713 2656 sy·
753 2593 940 2659 (x‚1',107.
970 2591 1040 2659 xll,
1059 2592 1108 2658 10,
1124 2592 1201 2658 20),
1232 2590 1277 2643 cni

189 2667 325 2717 recusas:
348 2661 393 2711 ubi
409 2664 479 2726 quod
494 2663 610 2723 scriptor
625 2663 713 2714 (irae-
754 2664 866 2718 multum
880 2661 1029 2715 detraxerit
1049 2660 1148 2715 civium
1166 2660 1278 2712 severi·

190 2738 240 2784 cus
253 2728 365 2797 iecerat,
383 2728 448 2781 item
459 2732 649 2794 iogeliomana
661 2733 712 2780 cx:
754 2740 798 2782 tas
820 2731 934 2787 allectus
952 2728 1082 2781 concitari
1106 2741 1160 2779 non
1183 2730 1278 2781 ferm-
1298 2780 1304 2799 ,

105 2820 108 2825 ·
189 2795 317 2863 plicatur,
352 2801 427 2859 Quod
443 2799 593 2851 Isocratem
606 2799 712 2864 attinet,
755 2799 838 2862 tiam3
871 2806 1013 2860 praeterea
1030 2798 1278 2859 (0000100180-

190 2866 340 2923 audiendus
355 2862 533 2927 Quintilianus
546 2869 590 2932 ll,
608 2866 651 2935 15,
668 2869 712 2918 30.
755 2868 840 2920 cratis
854 2878 965 2918 causam
979 2867 1077 2927 optime
1093 2866 1181 2928 cadit)
1198 2868 1277 2918 docet

191 2933 330 2993 Socrates
350 2936 530 2997 inhonestam
544 2936 597 2988 eidi
614 2936 713 2991 cradi·
755 2937 815 3000 v1,
840 2938 873 3005 1,
898 2937 924 2990 7.
948 2935 1068 2985 Atticam
1087 2945 1221 2988 oratorem
1240 2936 1277 2988 ab

191 3003 430 3074 dilatationem,
455 3020 540 3072 attam
559 3006 586 3058 ei
606 3006 711 3070 Lysias
754 3004 985 3056 commiseratione
1008 3005 1154 3056 studiosius
1180 3006 1277 3057 cienda

190 3083 245 3125 reo
257 3078 475 3138 0011101101οω
497 3078 528 3128 ei
540 3077 602 3126 tam
614 3074 712 3126 maai·
754 3077 836 3126 etiam
862 3074 1004 3140 praeconis
1029 3086 1099 3124 voce
1120 3075 1276 3127 deterritum
1313 3080 1317 3087 '

191 3153 237 3197 me
256 3146 386 3196 scribere
404 3145 614 3212 iiiipatoriias,
640 3157 712 3210 qaae
754 3144 851 3195 fuisse.
886 3145 961 3205 Quod
980 3144 1015 3194 ad
1033 3156 1134 3193 morem
1151 3147 1277 3205 Areopa-

190 3210 235 3267 ilii
244 3225 302 3278 pra
315 3227 346 3273 se
358 3215 414 3280 ipsi
421 3216 563 3282 dicerent,
578 3218 713 3269 erotmo-
754 3214 886 3278 gitarnm,
908 3212 968 3262 veri
984 3211 1050 3266 iuris
1064 3226 1114 3263 100
1135 3213 1277 3263 lenociniis

191 3278 256 3348 rid,
276 3285 364 3348 atque
377 3287 422 3343 iia
433 3285 511 3352 dari,
535 3296 590 3351 qao
603 3297 661 3334 aaa
673 3283 713 3332 it'·
755 3290 891 3334 oratorum
910 3283 1027 3344 corrupti
1050 3282 1278 3341 retinentissimo.

191 3348 273 3401 eolat
283 3365 340 3415 pro
351 3355 552 3421 aiteraapere,
565 3353 713 3422 1100000-
753 3366 827 3415 rum,
843 3359 935 3412 aperte
948 3358 1065 3415 spectat,
1082 3352 1115 3400 de
1129 3362 1181 3412 quo
1194 3364 1278 3411 prae-

130 3451 135 3459 .
191 3416 351 3477 ditabatur.
385 3424 476 3486 isqui
495 3425 558 3474 aliis
576 3424 711 3474 orationes
754 3431 796 3472 ter
810 3421 878 3471 alios
895 3422 1041 3487 (utsclrol.
1057 3420 1180 3481 flermdg.
1198 3421 1276 3473 Π,

192 3489 318 3555 scripsit,
341 3490 435 3553 qrnihus
449 3493 478 3542 in
490 3492 588 3542 iudicio
603 3500 712 3542 110101-
754 3506 782 3554 p.
794 3489 869 3548 353.)
886 3501 963 3538 nemo
976 3488 1111 3552 copiosius
1124 3486 1278 3550 explicavit

191 3554 246 3624 tar',
264 3560 450 3610 adversarium
459 3563 647 3622 quodammodo
656 3560 712 3609 air-
755 3559 875 3610 Lucieno
889 3559 921 3608 de
936 3558 1088 3621 6911119.
1106 3557 1276 3609 801110101-

193 3627 340 3692 usuvenit,
355 3629 419 3691 quoia
431 3638 525 3679 contra
539 3633 625 3693 legem
636 3632 712 3679 feca-
754 3638 814 3680 murs
828 3629 862 3678 ad
875 3626 1039 3678 Isocratem:
1055 3624 1171 3687 quicum
1183 3633 1212 3675 et
1224 3639 1277 3678 sua

191 3702 245 3748 rat.
279 3698 321 3747 Ea
334 3705 422 3747 alitem
435 3699 479 3746 lex
492 3700 572 3747 toties
589 3699 712 3762 neglige·
755 3704 850 3760 sponte
869 3697 944 3747 vitae
960 3695 1106 3747 rationibus
1126 3703 1276 3746 commuta«

129 3778 131 3782 ’
192 3765 280 3831 batur,
294 3777 355 3815 mox
366 3770 396 3814 nt
407 3779 460 3815 101
473 3768 588 3828 amplius
597 3770 710 3818 valeret.
755 3768 792 3818 tis
806 3767 927 3831 selrolam
942 3764 1103 3830 instimerit,
1120 3765 1276 3815 etacerbas

34 3838 36 3842 '
127 3893 129 3895 ¹
191 3835 397 3896 [Unanituntur
411 3835 583 3901 Quintiliano,
602 3835 648 3897 qui
663 3837 712 3883 dc·
754 3836 907 3888 invidorum
924 3842 953 3884 et
969 3834 1201 3900 adversariorum,
1224 3845 1275 3884 no·

191 3911 367 3960 monstratum
394 3902 467 3954 ibant
490 3905 518 3954 in
540 3904 631 3953 Attico
651 3904 712 3954 foro
755 3904 1276 3970 111001111101010111,0111111001

191 3974 297 4024 nullum
320 3973 470 4023 orationum
495 3986 574 4023 usum
594 3974 628 4023 ab
649 3973 711 4023 aliis
756 3983 900 4040 expertus,
921 3981 1060 4036 postquam
1080 3971 1212 4034 insignem
1228 3972 1276 4023 fa-

105 4063 107 4067 *
193 4042 353 4104 scriptarum
367 4054 522 4092 concessum
537 4042 639 4104 iaisse3
664 4042 712 4091 sed
756 4055 827 4092 mam
853 4054 935 4103 super
960 4050 1090 4104 quaestus
1114 4041 1274 4091 1101101111-

192 4110 280 4174 legem
288 4113 414 4171 paulatim
423 4110 617 4161 inoblivionom
627 4109 712 4160 abiis·
757 4111 840 4160 simos
858 4117 1025 4175 reportarat,
1048 4116 1114 4160 sane
1126 4109 1275 4160 verisimll„

192 4191 238 4231 set
268 4183 345 4233 velut
365 4183 481 4245 scriptor
500 4183 534 4231 de
552 4181 601 4232 lite
620 4179 713 4232 Attica
756 4181 848 4234 imon
864 4189 912 4232 eet
925 4186 956 4231 at
973 4191 1085 4232 oausam
1098 4180 1134 4230 ab
1145 4177 1276 4234 cicerone
