2676 4748
420 990 897 1083 PRAEFATIO.

568 1164 767 1189 υ*-

118 1278 282 1416 Paucos
296 1343 416 1435 opinor
427 1340 527 1411 laodic
546 1346 745 1432 superesse,
772 1337 855 1428 quin
868 1337 958 1407 inter
970 1344 1084 1414 acas
1097 1343 1206 1417 lilro‘·

118 1474 192 1521 rum
205 1447 460 1520 vicissitudines
473 1446 528 1514 val
541 1467 606 1512 usu
619 1443 758 1511 iuvenili
770 1444 827 1511 sol
840 1442 1034 1514 rumoribus
1050 1434 1206 1543 exempla

117 1558 322 1647 scriptorum
342 1552 542 1619 Latinorum
563 1543 794 1639 perceperint,
819 1569 907 1637 quae
933 1571 1008 1616 cum
1031 1555 1206 1640 superiore

119 1661 253 1728 saeculo
267 1659 339 1724 fero
353 1653 464 1720 medio
478 1650 1026 1742 bibliopolium-Orplanotrophoi
1042 1653 1206 1732 llalorslc

118 1764 274 1831 emittere
294 1761 480 1849 coepisset,
495 1757 636 1823 -sonsim
653 1774 716 1842 per
734 1754 873 1823 scholas·
890 1755 1090 1826 Germaniae
1112 1762 1205 1832 inva-

119 1869 223 1940 luero.
264 1863 407 1934 Constat
427 1867 538 1927 autem
561 1880 602 1924 eo
623 1880 689 1924 non
709 1859 819 1925 solum
832 1859 1053 1950 popularibus
1065 1871 1220 1959 auecta

117 1971 224 2040 tuisse
242 1977 345 2058 atque
359 1964 445 2032 eatis
458 1959 659 2043 vendibilia,
685 1959 747 2028 scd
763 1963 889 2030 arteris
901 1962 1001 2030 etiam
1016 1963 1207 2039 hominibus
1248 1969 1252 1978 '

118 2076 267 2163 expetita
288 2069 330 2137 cd
350 2068 553 2156 longinquas
570 2066 724 2152 regiones
737 2067 949 2155 pewasime,
975 2065 1100 2157 diuque
1121 2071 1207 2140 tire·

119 2200 198 2244 num
222 2173 336 2245 studia
354 2175 540 2251 formasse3
572 2166 610 2234 ac
632 2190 674 2234 no
695 2177 812 2237 nostra
833 2169 970 2257 quidem
985 2179 1096 2240 aetate
1107 2195 1207 2263 prora
1277 2166 1287 2188 '

120 2303 181 2350 sus
202 2279 339 2346 illorum
359 2272 468 2344 honor
489 2271 645 2342 exolevit.
688 2269 784 2358 Quid
803 2268 894 2358 quod
919 2272 1008 2340 alios
1028 2273 1076 2341 ad
1094 2277 1208 2349 utilis·

122 2387 241 2452 simam
255 2391 292 2448 et
310 2378 422 2448 laudis
444 2384 480 2445 'et
495 2380 662 2465 'quaestus
682 2373 939 2442 aemulationem
961 2377 1012 2448 ita
1032 2388 1208 2452 converte·

124 2492 227 2566 runt,
256 2491 299 2551 ut
324 2481 508 2553 lectissima
530 2476 631 2566 copia
651 2477 885 2549 ‚subsidiorum
913 2479 1061 2566 publicis
1085 2483 1208 2554 umbus

126 2590 337 2678 patesceret:
370 2604 475 2672 noque
497 2581 586 2648 enim
607 2580 725 2664 iugera
752 2585 887 2670 potest,
917 2583 1048 2672 siquis
1070 2585 1208 2658 ordines

123 2696 306 2780 perpetuos
329 2693 365 2755 et
384 2686 590 2754 certationes
612 2705 632 2750 a
652 2682 867 2772 sipontinis,
901 2684 1209 2759 Manhamiensilrus

121 2802 158 2863 at
185 2815 301 2862 eorum
323 2790 526 2880 sequacibus
549 2787 669 2855 ductas
690 2790 806 2875 usque
820 2786 865 2855 ad
886 2787 1109 2860 'l'auclmitics
1126 2810 1209 2883 ,μου

121 2905 303 2987 sequatur,
335 2896 456 2985 quanti
483 2914 685 2983 progressus
712 2893 890 2982 in-specie
916 2903 1208 2967 monumentorum

83 3071 85 3076 ,
122 3013 273 3071 votorum
301 2995 501 3087 expolienda
529 2996 612 3063 lacti
633 2997 723 3078 sint,
754 3017 922 3086 quamque
941 2999 1101 3069 numerus
1122 3002 1208 3070 scri-

122 3095 257 3195 ptorum
284 3103 375 3178 ultro
402 3100 488 3166 flues
516 3099 608 3166 orbis
636 3099 832 3168 scholastici
847 3104 1018 3192 .prolatus
1051 3104 1208 3175 avolarit.

124 3207 283 3277 ceterum
306 3204 473 3293 quispiam
492 3223 618 3292 sapore
638 3204 749 3271 nostri
770 3204 933 3294 temporis
952 3206 1122 3291 imbutus,
1147 3209 1210 3298 qui

123 3313 211 3379 tales
246 3328 425 3376 successus
453 3328 545 3374 cnm·
563 3306 682 3373 habitu
713 3314 750 3374 et
774 3307 861 3374 facie
890 3307 1053 3379 llalcnsis
1081 3311 1210 3401 opificii

124 3410 326 3495 contendat,
360 3434 497 3479 causam
526 3410 581 3477 rai
607 3409 696 3478 haud
722 3410 875 3498 vulgaris
896 3411 1094 3485 admiretur.
1134 3413 1211 3484 Ab·

67 3590 69 3605 Ι
125 3524 200 3584 crat
220 3516 356 3584 omnino
369 3514 539 3606 quicquid
559 3521 829 3582 ornamentorum
846 3514 890 3582 al>
912 3522 987 3583 arte
1008 3519 1063 3587 vel
1084 3517 1211 3588 doctri·
1293 3608 1296 3613 Ι

67 3624 69 3681 ὲ
125 3642 168 3686 na
195 3627 313 3708 posset
341 3622 488 3709 aliquam
519 3617 641 3685 afferre
668 3617 999 3688 commendationem.
1043 3618 1211 3691 Bouditaa
1309 3707 1325 3718 ,Β

125 3722 259 3812 quidem
291 3723 384 3792 dotis
413 3723 498 3792 nihil
525 3730 663 3811 practer
691 3727 881 3790 contextum
909 3724 1110 3807 uerborum,
1140 3726 1210 3794 uisi

125 3829 214 3894 torte
241 3828 332 3896 ritas
359 3828 564 3915 scriptorum
583 3825 705 3895 leviter
724 3830 761 3892 ct
781 3828 958 3894 umbratili
979 3826 1078 3894 modo
1097 3829 1213 3896 conia*-

126 3940 199 3999 ctas
227 3932 435 4021 excipimus3
470 3929 577 3996 oratio
605 3930 682 4020 ipsa
702 3929 857 4020 probatis
878 3926 920 3999 e'x
942 3929 1150 3999 editionibus
1171 3938 1214 3999 ut

127 4036 336 4126 lieripotuit
356 4032 524 4124 repetita,
538 4048 616 4099 -non
632 4040 673 4101 ut
688 4022 804 4122 'lepide
819 4040 932 4101 mmor
946 4032 1118 4101 distinctis
1133 4056 1213 4124 par-

128 4139 222 4208 tibus
242 4148 280 4208 et
301 4139 400 4229 quasi
421 4135 618 4205 remissione
639 4137 728 4204 oculi
745 4138 964 4205 reficerentur
983 4144 1020 4204 ot
1037 4137 1214 4215 lronutm

67 4230 77 4303 ¹.
127 4251 288 4334 capomnt
310 4235 586 4324 oblectationem
619 4239 682 4310 sc'd
706 4247 747 4309 ut
773 4246 885 4312 omnia
913 4251 1030 4326 maore
1047 4243 1213 4313 contiuuo

928 4336 1154 4436 s„
