2676 4748
178 298 246 381 roe
297 370 304 397 ,
509 395 514 415 Ι
605 294 851 405 arunde,

180 493 260 568 eus,
279 481 438 551 maiorem
452 479 587 551 6166661
602 484 745 570 gloriam
758 481 953 566 habuisset,
979 482 1047 553 nisi
1066 503 1143 551 oum
1162 481 1270 552 maio·

181 576 233 645 ris
250 571 378 658 gloriae
392 570 567 660 eupidita's
577 573 620 639 ad
639 573 779 640 hellinas
791 569 910 639 laudes
926 570 1162 642 abstraxisset.
1194 578 1271 639 orat

180 664 334 731 oratioue
349 660 435 725 satis
448 661 599 765 amplus,
619 680 691 727 rem
706 657 891 750 prudenter
901 658 1056 744 ridebatq
1084 660 1173 727 aetio
1187 668 1270 728 r'ero

71 800 73 805 ,
183 750 258 823 eius
279 745 425 813 habebat
445 755 534 813 etro
555 768 636 813 roae
658 768 811 834 magnum
832 746 1044 836 splendorem
1065 754 1101 812 et
1119 746 1154 813 in
1175 754 1272 813 motu

158 866 160 871 >
185 854 350 905 suminam
370 832 581 918 dignitatem.
598 855 600 858 ’
624 837 702 913 240.
730 833 860 902 Noster
879 836 961 901 item
982 833 1134 925 aequalis
1148 833 1197 903 D.
1214 833 1272 902 si·
1303 884 1309 891 -

183 925 303 1014 lanus,
326 921 467 989 vitricus
487 928 584 1002 inus,
609 921 715 988 studii
733 921 794 989 ille
814 920 949 1008 quidem
970 922 1089 988 habuit
1102 943 1168 988 non
1182 922 1271 991 mul-

77 1040 79 1054 .
181 1017 271 1088 tum,
293 1007 354 1075 sed
370 1008 533 1081 acuminis
548 1016 584 1074 et
598 1008 761 1077 orationis
777 1009 874 1076 satis.
905 1007 951 1097 Q.
967 1007 1149 1098 Pompeius
1163 1011 1213 1080 A.
1227 1006 1257 1076 F
1259 1055 1270 1081 .

180 1099 243 1204 qni
256 1096 457 1184 Bithyniuus
471 1093 589 1201 alipius·
598 1094 822 1200 6666166616
835 1117 935 1184 quam
950 1118 1012 1203 nos
1032 1097 1179 1202 fortasse
1197 1118 1271 1202 rna:

133 1241 135 1249 ,
183 1207 257 1268 toi,
277 1181 1059 1280 6666666666)6166661661166666661666,
1079 1182 1272 1257 moredibrlr

254 1325 453 1388 abstraxisset]
477 1325 673 1388 obstrepisaet
687 1328 730 1386 ed.
746 1340 790 1395 pr.

249 1394 312 1460 ²⁴⁰·
345 1398 469 1456 Silanus]
492 1398 630 1459 86116666
647 1397 690 1447 66.
708 1409 749 1460 pr.

249 1466 367 1528 6166661]
391 1465 635 1526 6666616666.
658 1465 763 1519 0661116
780 1464 919 1531 probante.

63 1666 67 1674 .
178 1610 325 1668 antequem
354 1610 528 1668 quaesturam
560 1601 705 1670 gessisset,
746 1602 854 1670 lorum,
877 1601 1009 1664 sedquas
1022 1596 1271 1659 interdumoratio·

178 1673 706 1806 660161161611166
746 1669 1271 1806 16.6ῗ“6.;·611“11“1.ῗ’61ἶ11ῗ

124 1814 138 1827 ’“
181 1811 432 1865 murmurosorum.
465 1810 609 1863 concionis
623 1811 705 1864 Pom·
746 1810 859 1872 Quintil.
875 1805 935 1875 111,
958 1807 991 1874 8,
1008 1807 1051 1859 50.
1081 1807 1285 1876 16616111,1,ι

181 1880 237 1945 pali
258 1883 291 1931 66
310 1879 454 1932 tribunicia
470 1882 606 1942 potestate
619 1880 705 1931 rasti·
747 1882 793 1931 66.
826 1877 887 1929 eius
917 1877 1095 1942 eloquentiam
1123 1877 1270 1937 definiens;

182 1949 704 2018 6666666666166616066166661,
745 1949 960 2013 imperatorum
987 1958 1023 2004 66
1050 1945 1298 2019 triumphalium·

182 2016 228 2070 11.
244 2018 388 2069 66761161.
401 2018 445 2085 11,
459 2019 503 2069 60.
526 2020 561 2068 Δ.
569 2019 632 2072 687.
646 2020 705 2077 661-
746 2018 886 2083 soporata
899 2018 944 2067 eet
955 2016 1054 2083 aliquo
1066 2027 1104 2066 66
1115 2018 1205 2078 parte
1215 2027 1271 2075 rq-

181 2086 239 2137 lum
252 2085 396 2149 pireneum
407 2085 433 2136 ei
444 2087 596 2155 mauduni,
612 2087 705 2140 a-688.
746 2087 791 2141 tto
809 2085 1004 2153 eloquentiae,
1027 2084 1104 2135 61666
1116 2084 1270 2153 Pompeius

181 2155 283 2206 661166
301 2154 527 2222 Mithridaticum,
558 2155 587 2206 in
607 2168 659 2220 qno
679 2169 705 2209 a.
746 2156 856 2221 666666
876 2155 1005 2206 disertus
1025 2165 1128 2206 rerum
1147 2166 1270 2205 suorum

181 2225 243 2275 691.
261 2224 427 2288 expugnavit
440 2224 648 2290 Hierosolymae
676 2225 706 2278 in
746 2228 902 2287 narrator,
919 2223 1025 2289 61116,
1043 2223 1092 2288 qui
1105 2224 1176 2276 dello
1187 2222 1270 2276 616116·

181 2293 290 2344 italiam
304 2306 330 2345 a.
343 2296 405 2345 692.
424 2305 553 2346 reversus
573 2295 705 2358 triplicem
746 2307 778 2358 es
792 2293 963 2361 interfecit,
990 2292 1060 2346 0616
1073 2295 1207 2358 eloquens
1221 2306 1270 2345 66-

181 2361 341 2425 triumphum
353 2363 387 2413 66
401 2362 506 2430 piratis,
523 2364 602 2429 Asia,
619 2366 705 2415 Ponto
745 2367 835 2417 nator
854 2363 925 2430 fuit.
958 2360 1225 2426 (1606666066661.
1243 2377 1270 2425 p.

181 2431 268 2496 pridie
288 2431 351 2483 liei.
365 2431 460 2484 06666.
481 2434 526 2485 616
542 2435 643 2485 natans
662 2432 706 2484 sui
747 2436 808 2487 190.
832 2433 906 2486 liare
919 2442 1019 2483 causas
1032 2444 1094 2481 eum
1106 2431 1197 2495 egisse
1209 2429 1271 2482 veri

180 2500 238 2565 egit
264 2513 291 2552 a.
309 2502 371 2552 606.
407 2503 479 2553 Ρ116.
498 2503 653 2570 mvii,
678 2508 704 2564 2,
748 2501 1200 2563 616116666661111661166626.

180 2569 248 2622 llius
263 2570 393 2622 emtionis
402 2572 573 2634 triumphalis
585 2571 706 2623 meminit
799 2570 861 2625 ato.
894 2571 928 2620 1).
940 2569 1062 2630 Silanus]
1079 2571 1207 2621 Decimus
1221 2569 1271 2621 lu,

182 2639 255 2690 idem
266 2639 372 2689 Plinius
386 2640 459 2706 Vll,
473 2644 518 2701 26.
542 2642 575 2692 16
588 2642 655 2703 lipp.
670 2641 705 2692 ud
746 2637 809 2691 nius
827 2639 954 2706 Silanus,
985 2641 1107 2701 aequalis
1129 2638 1270 2690 Ciceronis

181 2708 302 2760 Atticum
314 2707 380 2774 Vll,
396 2711 422 2758 2.
439 2710 552 2762 eundem
565 2711 598 2761 de
608 2711 704 2762 trium-.-
746 2717 776 2761 et
792 2708 931 2775 Pompeii,
953 2707 982 2758 16
1001 2715 1060 2773 est,
1086 2710 1180 2760 eodem
1199 2719 1271 2760 anno

85 2764 89 2769 ’
113 2835 116 2840 ,
180 2779 233 2840 piro
252 2778 400 2835 orationem
417 2778 582 2842 alteramque
595 2782 705 2841 Neapo-
746 2776 808 2829 648.
824 2786 923 2845 natus,
940 2777 1101 2843 Serviliam,
1118 2776 1196 2827 Bruti
1209 2789 1270 2835 ma-

157 2862 162 2877 *
181 2846 293 2914 litanam
312 2848 455 2899 memorari
474 2847 606 2899 videmos.
632 2847 705 2900 666-
746 2855 831 2913 trem,
854 2854 916 2910 post
933 2848 1045 2896 mortem
1061 2848 1099 2897 M.
1112 2846 1206 2911 Bruti,
1224 2845 1270 2896 661

179 2917 226 2966 sul
241 2915 440 2969 iterumaoae.
461 2916 520 2971 1166
534 2929 603 2969 anno
616 2919 704 2981 legem
746 2925 890 2981 nupserat,
920 2915 949 2964 in
965 2914 1161 2965 matrimonium
1184 2915 1269 2967 duxit.

134 3027 136 3032 .
182 2984 352 3040 iudiciariam
371 2986 458 3049 dedit,
481 2994 511 3037 ut
524 2999 559 3036 ex
575 2987 704 3037 centuriis
747 2985 854 3036 Aedilis
867 2986 942 3036 eirea
956 2980 1046 3036 6681.
1063 2985 1160 3037 consul
1178 2991 1270 3037 autem

180 3055 265 3117 aliter
295 3066 376 3116 quam
403 3063 485 3108 antea
512 3055 579 3109 lecti
600 3055 705 3107 iudices
746 3066 774 3112 e.
788 3056 849 3104 692.
865 3053 926 3104 init.
989 3052 994 3073 ¹

180 3124 343 3186 amplissimi
375 3135 492 3190 census,
528 3135 563 3174 ex
597 3134 703 3191 senatu,
798 3123 941 3181 orationis]
963 3111 1102 3172 V.'nosin
1115 3133 1140 3173 6.
1153 3123 1269 3189 68268.

181 3192 317 3255 equitibus
327 3200 357 3243 et
372 3193 487 3243 tribunis
505 3191 637 3260 aerariis,
656 3205 704 3245 res
746 3192 813 3245 llius
833 3193 915 3257 igitur
935 3190 1020 3240 oratio
1042 3190 1158 3245 sermoni
1178 3190 1271 3255 quoti-2

181 3257 341 3311 iudicarent.
371 3263 485 3324 Philipp.
499 3262 529 3327 1,
546 3263 573 3319 8.
603 3265 704 3313 Asson.
746 3261 825 3313 diano
857 3270 885 3310 66
914 3259 1043 3311 familiari
1074 3261 1126 3310 luit
1155 3259 1272 3313 similior

180 3328 210 3378 in
225 3329 316 3380 Pison.
333 3343 359 3391 p.
375 3333 418 3381 16.
440 3329 704 3395 066661666616666.
746 3342 826 3395 quam
846 3329 963 3382 oratorio
982 3329 1077 3392 generi
1097 3329 1212 3380 6166661.

182 3397 704 3468 702166666661666666606666-
798 3400 829 3459 0.
851 3399 993 3462 Pompeius
1013 3401 1047 3448 A.
1065 3396 1113 3458 R]
1141 3398 1170 3446 ls
1187 3404 1270 3449 natue

181 3467 332 3530 nulgavit,
356 3468 437 3518 simul
455 3472 569 3520 formam
589 3469 704 3520 indicio·
746 3480 773 3519 a.
786 3467 847 3520 616.
864 3471 992 3533 quaestor
1003 3468 1056 3517 fuit
1067 3479 1093 3518 a.
1105 3467 1166 3518 677.
1183 3463 1271 3517 Periit

182 3547 243 3590 rum
258 3535 408 3591 breviorem
422 3535 567 3603 constituit,
580 3541 704 3602 quavel-
748 3551 809 3589 eum
822 3538 871 3588 cn.
882 3537 1007 3599 Pompeio
1020 3536 1184 3599 mnegypto
1196 3536 1271 3595 bello

183 3604 225 3657 uti
243 3605 337 3658 iterius
358 3605 525 3668 eloquentiae
541 3606 703 3668 inponeret:
745 3607 824 3658 uirili
835 3619 862 3657 a·
873 3607 935 3660 706.
955 3614 984 3655 ut
998 3605 1111 3657 Orosius
1125 3604 1206 3663 166616
1219 3605 1272 3671 Vl,

180 3685 236 3738 qno
254 3670 401 3741 respicitur
420 3687 444 3723 e.
460 3677 503 3725 69.
514 3676 559 3733 io,
571 3673 616 3726 et.
639 3678 704 3728 1161-
748 3675 791 3727 16.
819 3676 886 3726 Eius
906 3675 956 3725 filii
974 3675 1002 3725 16
1015 3675 1102 3737 Epist.
1123 3674 1159 3724 ad
1172 3672 1271 3727 demit

182 3744 238 3794 lum
251 3743 335 3794 ciuile
346 3741 417 3793 inter
426 3744 579 3805 Pompeium
593 3752 620 3795 et
632 3743 704 3796 Gae-
746 3745 804 3812 Vl,
824 3747 867 3795 16.
881 3751 909 3795 66
924 3745 965 3796 17.
984 3744 1110 3808 leguntur
1122 3742 1242 3793 litterae.

69 3825 73 3844 ¹
183 3824 273 3864 666661
289 3824 315 3872 a.
328 3810 392 3874 705.
409 3811 513 3874 erupita
542 3813 633 3863 vietus
653 3826 705 3865 au·
796 3815 929 3874 fortasse]
955 3813 988 3863 16
1005 3811 1124 3864 numeris
1139 3810 1272 3862 definien-

182 3889 236 3932 tem
249 3881 310 3934 acie
320 3893 348 3933 a·
363 3879 426 3933 706.
448 3882 484 3933 ad
496 3881 657 3933 Pharsalum
676 3882 705 3933 16
746 3881 790 3934 dis
802 3883 863 3935 addi
879 3884 1020 3955 fortusse,
1037 3879 1165 3940 61666116
1178 3879 1271 3933 16666-ι

179 3952 335 4020 Aegyptum
348 3949 435 4017 ingit,
454 3949 499 4001 661
512 3951 572 4008 6616
584 3950 705 4005 6666166-
747 3958 777 4003 ta
796 3952 981 4016 designatione
997 3949 1115 4015 aliquem
1132 3961 1273 4001 numerum

179 4029 233 4072 tur.
267 4023 309 4073 Do
327 4021 447 4074 1661666
463 4019 540 4070 111166
552 4026 580 4070 66
599 4019 705 4084 ingenio
746 4032 878 4086 ponamus
895 4020 1039 4072 maximum
1058 4020 1107 4070 vel
1121 4018 1272 4084 minimum,

180 4088 704 4154 6666611611661166661611666656666-
744 4090 857 4145 monuit.
873 4091 960 4144 lland.
978 4087 1095 4141 7666611.
1124 4089 1157 4141 d.
1176 4088 1216 4141 11.
1244 4101 1272 4152 p.

177 4166 242 4213 rum
267 4159 296 4211 iu
319 4158 473 4225 eloquentia
497 4159 600 4215 nullum
618 4157 705 4213 tenuit
745 4156 808 4217 726.
1179 4198 1181 4203 .
