2676 4748
465 596 923 706 conaraur'rnn.

591 778 795 802 υ*

251 932 383 998 Quoniam
405 933 468 986 iulo
491 933 584 986 libello
606 947 660 987 nou
683 936 796 1002 contigit
819 938 956 999 ut'opora
971 937 1128 990 continente
1150 949 1246 1005 poaeet

147 1019 261 1091 excudi,
284 1033 361 1074 nemo
379 1020 521 1079 mirabitur
536 1019 566 1071 in
583 1021 769 1085 superioribua
786 1020 954 1085 potissimum
969 1022 1091 1087 plagulis
1105 1032 1136 1076 et
1148 1039 1245 1079 earnm

145 1121 238 1163 rerum
261 1110 330 1170 quae
353 1108 388 1158 ad
405 1102 640 1172 diligentissimam
657 1106 866 1173 orthographiae
882 1108 1015 1159 rationem
1032 1108 1176 1172 pertinent
1191 1111 1243 1162 mi-

146 1204 241 1245 norem
264 1205 327 1243 ease
351 1195 588 1261 aequabilitatem,
619 1200 649 1244 et
665 1205 774 1245 errores
792 1193 923 1258 quostiam
941 1205 959 1245 a
975 1194 1129 1256 typothetie
1146 1195 1243 1248 iliatoa

147 1277 235 1330 aciem
254 1279 454 1331 emendatorum
470 1279 596 1346 quanvis
614 1277 744 1330 intentam
759 1277 885 1329 elusisse.
920 1278 952 1328 lu
968 1281 1107 1331 Addendia
1121 1283 1241 1351 quitiam,

146 1376 260 1431 quorum
282 1377 412 1415 numerus
438 1365 464 1416 ei
489 1366 656 1417 commodum
674 1365 746 1414 foret
769 1363 841 1415 haud
858 1363 1002 1416 mediocris
1020 1368 1116 1433 colligi
1134 1377 1241 1436 posaeo,

145 1454 218 1504 nuno
241 1450 330 1512 ipsum
350 1462 405 1500 uon
427 1448 506 1503 iuvat
530 1449 684 1501 immorari:
713 1450 791 1500 velut
815 1449 844 1500 in
862 1448 919 1499 illie
937 1461 961 1501 c.
975 1450 1020 1504 57.
1037 1461 1109 1504 extr.
1136 1457 1174 1506 at
1189 1453 1243 1506 etot

146 1537 209 1604 ipae
230 1550 290 1587 non
313 1535 468 1588 conveniat
483 1537 613 1589 memoria
630 1535 769 1588 exciderat
786 1535 862 1585 iocur
880 1532 1037 1596 aptissimus
1054 1537 1088 1587 de
1108 1539 1146 1588 Ν.
1164 1539 1198 1590 Ι).
1216 1538 1241 1605 1,
1292 1548 1298 1559 ’

93 1640 96 1652 i
146 1625 191 1679 90.
207 1621 343 1689 confitere·
356 1620 456 1686 potius
472 1620 587 1695 nescire
602 1621 678 1688 quod
696 1619 842 1687 ceeeirec,
875 1633 960 1686 quam
975 1622 1035 1673 ista
1056 1621 1241 1689 effutientem

147 1720 293 1763 nectente
318 1708 406 1773 atque
422 1706 519 1772 ipram
534 1706 588 1765 pide·
605 1707 761 1772 displicere
766 1718 779 1766 ‚⁰
807 1718 887 1772 porro
902 1705 930 1757 iu
948 1704 1107 1768 explicantia
1124 1710 1241 1762 oonsilio

145 1798 292 1848 verborum
302 1793 452 1844 interdum
468 1792 558 1843 etiam
573 1793 720 1859 facetam,
745 1804 814 1856 quae
832 1792 940 1842 laudem
958 1793 1126 1856 aliquantam
1142 1795 1240 1861 largiri

145 1881 291 1948 videntur,
313 1891 373 1940 non¹
386 1877 477 1929 debuit
493 1877 672 1941 praetermitti
689 1875 808 1927 definitio
822 1874 1040 1927 luculentissima
1054 1879 1238 1942 procacia.

145 1964 311 2020 medicato
328 1964 426 2015 autem
442 1962 517 2015 aiiii
533 1960 618 2013 iudei
632 1960 781 2025 propositi
791 1961 915 2024 praeter
929 1963 1150 2017 contumetiam:
1167 1979 1240 2034 quoe

72 2108 76 2121 Ι
147 2053 175 2106 ei
189 2049 371 2120 petttleate'ua
388 2047 537 2113 iactatur,
560 2045 741 2104 convicium
769 2043 796 2097 ti
813 2045 954 2114 facetiae,
977 2049 1131 2103 artonitae
1146 2055 1240 2107 nomi-

145 2141 258 2194 natare
287 2133 353 2184 item
370 2131 400 2182 iu
416 2145 440 2184 c.
455 2134 500 2183 90.
519 2133 588 2183 urba
605 2133 667 2183 aine
684 2130 776 2184 armis
800 2133 963 2182 contendere
986 2133 1088 2189 licebat
1105 2141 1188 2195 Tuae.
1202 2143 1240 2210 ll,
1305 2129 1308 2134 ’

34 2220 36 2225 “
147 2227 174 2275 ii.
189 2221 341 2273 tectionem
359 2216 422 2269 eine
436 2219 498 2270 atila
514 2218 704 2271 delectatione
720 2215 850 2284 aeqiiqo,
881 2230 900 2269 a
922 2219 1019 2283 quibua
1035 2223 1154 2277 discedit
1171 2241 1238 2280 non-

147 2307 214 2363 ninil
237 2320 263 2370 p.
281 2303 372 2366 Quint.
387 2304 414 2353 0.
438 2302 500 2359 tina
523 2303 637 2354 iniuria
657 2303 819 2368 potentiam
832 2305 924 2355 levem
939 2305 1027 2371 atque
1044 2306 1160 2374 inopem
1177 2326 1238 2367 esee

146 2393 346 2449 arbitrantur.
388 2386 441 2439 liis
465 2395 555 2442 tamen
580 2391 712 2453 neglectu
736 2388 863 2442 convenit
880 2395 911 2438 ut
927 2401 962 2440 ex
978 2395 1153 2452 annotatione
1170 2413 1240 2463 quae

147 2481 234 2534 adhuc
252 2474 445 2529 animadversa
461 2474 517 2532 aiut
533 2477 631 2527 menda
647 2478 728 2540 paulo
744 2475 866 2528 foediora
883 2476 1027 2528 tollantur:
1057 2491 1173 2542 quorum
1195 2484 1239 2536 in.

146 2567 234 2620 dicem
253 2557 415 2622 aubacripai.

251 2649 283 2700 Ρ.
308 2643 354 2697 24.
373 2641 401 2703 S.
415 2646 459 2696 29.
475 2656 504 2693 v.
519 2646 563 2695 19.
581 2643 734 2710 corrigatur
746 2642 853 2695 eticmc

257 2762 273 2775 -
322 2759 338 2771 ·
372 2728 399 2790 S.
412 2726 458 2780 25.
473 2742 501 2778 v.
516 2731 559 2780 16.
645 2759 661 2772 -
745 2728 789 2780 ita
802 2738 872 2777 unco
887 2728 999 2801 subiato

257 2847 274 2860 .
308 2815 351 2867 38.
375 2813 402 2875 S·
415 2811 461 2868 48.
478 2826 506 2864 n.
519 2827 560 2866 cr.
644 2844 660 2858 ·
747 2811 923 2872 tradiderim

256 2932 272 2944 -
305 2899 349 2952 44.
374 2900 401 2963 8.
414 2900 458 2952 57.
475 2914 503 2950 u.
517 2903 560 2952 16.
646 2928 662 2941 -
747 2898 777 2950 0.
790 2897 931 2950 Flaminii

256 3017 272 3030 -
291 2988 352 3039 101.
369 2983 472 3046 5114.
489 2998 518 3035 v.
533 2986 561 3039 5.
647 3014 664 3026 -
748 2984 935 3050 revocabunt,

258 3103 275 3115 -
293 3075 354 3124 111.
372 3072 400 3123 ir.
418 3079 487 3123 extr.
648 3099 665 3112 -
750 3069 974 3134 inculparetur

257 3189 272 3200 -
291 3157 351 3209 115.
369 3172 397 3209 u.
412 3170 452 3207 cr.
470 3170 499 3206 v.
514 3159 540 3208 2.
650 3185 667 3197 -
751 3155 950 3206 coniecturam

257 3273 274 3286 -
292 3244 352 3295 127.
370 3244 397 3293 b.
413 3255 443 3291 v.
458 3244 501 3293 11.
650 3269 665 3282 -
751 3255 779 3292 o.
794 3241 856 3292 660.
871 3237 945 3300 (94.)
959 3236 1195 3311 administravit,

258 3359 273 3369 -
293 3330 353 3379 182.
370 3328 396 3377 l.
413 3340 442 3376 v.
457 3331 502 3379 12.
531 3357 533 3363 -
647 3353 663 3366 -
749 3324 804 3376 aide·
816 3323 1067 3378 decemconecivit

258 3443 273 3455 -
292 3415 353 3467 230.
372 3410 400 3474 S·
411 3411 473 3468 275.
486 3424 516 3465 v.
524 3408 567 3462 14.
650 3436 666 3452 -
751 3409 821 3476 l'op.
834 3410 861 3462 8.

499 3568 885 3592 w...-

331 4105 523 4184 Hillls,
563 4134 672 4178 utera
701 4129 1055 4176 oaeaanoraoraur.
