2676 4748
117 309 164 385 so
538 305 780 384 nunnus.

119 497 250 577 selum,
278 490 340 563 nst
357 494 460 563 etism
478 495 579 562 enimi
592 502 629 564 et
643 495 809 566 naturalis
818 495 959 586 quidam
974 499 1074 594 delur
1088 502 1203 573 dieen-

119 594 187 655 tent
208 582 423 662 incendebat,
451 584 702 672 efficiebatque,
730 593 770 653 ut
782 593 818 652 et
830 588 970 655 incitate
984 600 1020 657 et
1034 593 1147 678 gratis
1158 600 1203 660 ‘et

118 675 296 745 vehemens
315 676 406 737 esset
426 671 552 753 ereti03
584 670 661 739 dein
678 694 753 739 eum
775 674 905 741 otiosus
926 677 1044 744 stilum
1060 681 1202 769 prehen-

119 762 236 842 derat,
265 765 444 845 motusque
463 759 570 824 omnis
592 762 695 828 enimi
711 769 880 848 tamquam
898 773 1018 832 ventus
1033 767 1202 835 hominem
1241 766 1243 771 ’

119 848 307 927 defecerat,
332 846 551 912 flaccescebat
568 849 697 916 oratio:
741 850 808 916 uod
821 851 884 933 iis,
906 853 966 938 qui
982 854 1135 922 limatius
1149 856 1202 921 di-

119 935 218 1009 eendi
238 939 474 1001 eoneeetantur
492 955 617 1020 genus,
645 871 797 1004 attigere
809 959 875 1004 non
890 942 998 1024 solet,
1017 951 1201 1031 prepterea

118 1022 211 1115 quod
228 1020 406 1110 prudentia
419 1042 588 1108 nunquam
608 1021 722 1090 deficit
735 1033 919 1108 oratorem,
947 1049 1014 1114 qua
1025 1031 1085 1095 ifle
1100 1039 1201 1098 utens

120 1111 237 1182 endem
251 1108 349 1177 mode
363 1109 474 1198 possit
487 1118 522 1175 et
536 1109 647 1177 diuers
659 1118 695 1177 et
709 1112 876 1195 seribere3
903 1115 1006 1181 ardor
1019 1118 1123 1185 animi
1135 1141 1202 1186 nen

120 1218 255 1289 semper
269 1195 384 1278 adest,
405 1196 503 1283 isque
517 1219 591 1262 uum
607 1198 777 1280 consedit,
798 1201 905 1266 omnis
920 1202 981 1268 itia
998 1204 1050 1270 vie
1065 1215 1101 1272 et
1118 1228 1202 1294 qun·

119 1289 153 1358 si
171 1289 307 1355 flemma
328 1286 474 1351 oratoris
496 1285 713 1372 extinguitur.
754 1289 812 1356 94.
833 1286 930 1354 Hunc
944 1290 1051 1376 igitur
1064 1294 1107 1358 eh
1122 1315 1203 1360 esu-

120 1398 194 1445 turn
217 1371 351 1442 videtur
371 1370 482 1438 Laelii
505 1393 598 1440 mens
620 1375 753 1464 spirare
768 1375 917 1442 etiamin
933 1378 1093 1468 seriptis,
1118 1378 1202 1451 Gul-

119 1464 184 1535 bee
198 1469 311 1531 eutem
326 1461 378 1529 vis
392 1458 567 1529 occidisse.
1151 1496 1154 1501 ·

221 1546 340 1618 XXV.
375 1545 529 1614 Fuerunt
550 1546 650 1615 etiem
674 1546 902 1615 intraturum
918 1571 1056 1619 numero
1075 1550 1203 1619 medio·

61 1628 66 1649 '
119 1637 228 1709 trium
240 1635 282 1711 L.
295 1642 329 1704 et
344 1632 405 1727 sp,
418 1632 571 1703 Mummii
584 1635 722 1720 fratres,
742 1657 885 1726 quorum
898 1643 1014 1732 extent
1029 1636 1202 1709 amborum

187 1846 235 1898 91.
269 1843 318 1895 sed
334 1841 415 1896 etiem
429 1842 524 1905 enimi]
548 1843 639 1899 nnita
649 1855 700 1898 em.
714 1844 756 1897 ed.
768 1856 810 1909 pr.

186 1914 263 1973 deiri]
288 1914 401 1966 demum
419 1914 460 1963 ed.
475 1927 515 1976 pr.

189 1983 325 2044 eeneedtt]
349 1981 473 2034 comittit
487 1979 661 2034 Garatonius.
695 1982 748 2033 sed
760 1980 925 2034 comederit
941 1995 967 2034 e.
981 1985 1014 2051 3,
1031 1984 1075 2036 10.

125 2086 129 2093 ,
189 2050 234 2105 et.
260 2051 416 2115 ,occidisset
441 2051 509 2102 item
528 2052 569 2102 ed.
590 2065 630 2127 nr.
660 2051 849 2103 cecinissem
863 2052 915 2104 tiu.
928 2055 954 2104 1.
972 2054 1085 2107 Scbtitz.
1105 2056 1202 2118 parum

124 2138 127 2145 ·
155 2121 355 2176 accommodate
369 2120 496 2175 menbris
509 2119 581 2175 tuter
593 2132 624 2171 se
636 2121 797 2175 referentis.

170 2312 218 2363 ee.
250 2306 340 2369 dulor]
365 2306 406 2359 De
424 2305 500 2371 oret,
519 2307 579 2376 111,
595 2303 641 2375 2⁵,
683 2305 770 2374 potuit
777 2306 893 2361 animum
901 2320 977 2360 suum
985 2307 1158 2373 exacerbare,
1171 2315 1203 2361 ut

118 2381 163 2433 26.
182 2380 315 2433 Ornatur
335 2377 432 2429 eratin
449 2389 556 2443 uenere
573 2376 641 2442 prt—
683 2379 775 2432 omnis
790 2379 869 2443 quasi
888 2380 935 2443 qui
953 2380 1202 2442 tessus-proprium

118 2461 197 2505 ertum
216 2450 247 2501 et
266 2447 348 2515 quasi
365 2448 461 2499 celere
474 2446 596 2512 wedam
610 2447 642 2497 et
682 2452 742 2500 rem
764 2455 974 2513 persequeretur
995 2449 1026 2499 vi
1054 2448 1203 2514 comperet

117 2530 261 2577 tuentes.
295 2516 642 2583 namntyraetsmtsun-
683 2517 942 2576 vehementissime]
1086 2562 1088 2569 .
1249 2514 1252 2519 '

117 2590 179 2654 eis,
201 2587 433 2650 sternebant,
455 2585 642 2652 mitteretis,
735 2587 781 2651 qui
806 2587 940 2646 limatius]
970 2585 1114 2638 oratorum
1141 2596 1203 2636 eum

117 2662 154 2711 stt
167 2656 352 2720 admtrabttts,
369 2656 403 2704 ut
415 2653 517 2721 buitta,
534 2656 641 2706 etsen—
683 2654 739 2706 ulii·
746 2664 862 2705 mentem
878 2655 1026 2706 auditurum
1044 2660 1137 2705 tenere
1155 2665 1203 2705 se-

117 2740 186 2794 rus,
209 2725 371 2776 utdoiores
385 2722 486 2773 babeat
502 2724 641 2788 querutum
682 2723 773 2789 leant,
813 2724 861 2775 elii
891 2736 1000 2773 sensum
1033 2725 1203 2788 suinumque

118 2808 190 2863 epus
214 2795 274 2858 est,
303 2805 361 2842 non
388 2793 434 2841 est
457 2791 639 2855 sinquinrum
681 2803 831 2858 occupare,
860 2791 882 2840 ii
907 2793 954 2854 qui
978 2793 1078 2842 subtile
1098 2790 1204 2844 dicendi

117 2865 328 2919 articulorum.-
344 2861 376 2909 in
391 2861 453 2909 toto
467 2860 640 2921 spectantur
681 2869 768 2923 genus
781 2867 943 2926 sequuntur,
964 2858 991 2909 in
1006 2862 1147 2913 scribendo
1159 2862 1204 2912 ni-

116 2935 189 2987 baee
203 2940 334 2991 corpore.
358 2927 484 2978 Orettt'.
502 2927 638 3045 gedeno
681 2928 992 2998 supersternuntur
1009 2942 1101 2981 eorum
1112 2931 1141 2981 in
1152 2943 1204 2981 ex-

117 2994 500 3060 demiserntionibuslequnr
539 2995 639 3060 quibus
680 2998 831 3064 planando,
865 2998 1053 3061 edisserendo,
1084 3001 1203 3050 docenio

116 3079 297 3127 annumeres
306 3063 446 3130 pluribus,
459 3065 638 3133 quodetiam,
681 3074 899 3117 summecunstet
912 3066 1016 3132 virtus3
1032 3068 1140 3122 ilttrnm
1150 3081 1203 3118 ve-

117 3142 146 3195 tt
158 3138 259 3203 plures
278 3133 453 3198 dicebamus,
468 3135 640 3197 peroratio·
680 3146 712 3187 ro
737 3135 783 3198 qui
806 3137 940 3187 concitato
965 3150 1065 3201 genere
1097 3137 1203 3189 dicendi

116 3220 183 3260 nem
190 3204 260 3256 mibi
273 3207 475 3255 tamenomnes
489 3203 638 3268 relinque·
680 3203 837 3255 commotius
855 3213 979 3272 utuntur,
1004 3209 1117 3258 mnitnrn
1138 3218 1203 3258 oru-

116 3278 195 3328 bnnt.
222 3274 254 3325 in
267 3273 499 3338 quuuteiderer
513 3273 636 3325 eucelte-
679 3275 766 3327 tiones
785 3275 928 3340 deficiunt,
958 3288 1020 3325 cum
1037 3277 1203 3342 scribuntur,

115 3359 171 3411 re,
192 3356 249 3393 non
262 3341 392 3408 tenente,
409 3342 460 3393 sed
475 3342 575 3393 dolore
587 3356 638 3393 us·
679 3345 749 3407 quud
763 3343 791 3392 in
805 3343 887 3394 enimi
900 3343 1083 3408 commotione,
1099 3345 1127 3393 in
1136 3357 1204 3394 sen-

116 3413 264 3479 sequebar.
294 3412 336 3461 cf.
344 3411 453 3460 Ernesti
463 3413 529 3461 Lex.
537 3413 636 3462 ieenn.
680 3413 755 3463 sibus
768 3411 905 3478 incitetis,
923 3413 951 3463 in
963 3413 1005 3464 ire
1016 3419 1096 3474 etque
1109 3414 1204 3466 dolore

117 3498 147 3537 v.
160 3494 268 3532 sensus.
303 3478 404 3530 contre
422 3481 503 3530 calor
523 3480 637 3531 Schnei·
677 3481 811 3534 meximee
825 3482 899 3531 vires
913 3489 1025 3532 cernunt
1058 3512 1066 3530 .

117 3553 200 3615 uero,
223 3548 317 3600 ardor
331 3549 511 3599 nitierbeekiu
527 3550 638 3610 placuit.
730 3547 775 3600 et.
809 3552 899 3610 mens]
923 3550 1203 3617 Prudentieeteubti-

117 3618 213 3683 [Prius
236 3616 377 3670 wetzeiio
407 3618 547 3679 probatum
574 3631 639 3669 esse
679 3619 762 3683 lites,
779 3617 797 3671 i.
813 3632 837 3669 e.
857 3619 931 3668 mitis
950 3618 1039 3671 Laelii
1058 3619 1202 3687 sepientis,

116 3691 232 3752 mirere,
265 3698 326 3736 eum
351 3686 467 3736 additum
490 3688 638 3740 naturalis
680 3701 760 3754 quem
768 3688 906 3750 cupiditati
914 3687 1077 3750 opposuitet
1086 3688 1202 3741 libidini.

116 3753 385 3818 nihilnisieorporis
398 3755 556 3806 caloremet
573 3769 639 3807 sen·
731 3755 763 3808 0.
780 3755 823 3809 25.
863 3758 896 3808 11·
919 3758 1077 3818 Mummius]
1108 3757 1202 3822 isqui

117 3825 306 3889 sumnertium
320 3823 443 3873 vitalium
455 3823 578 3888 ‘intelligi
594 3825 638 3875 in·
680 3827 777 3877 consui
797 3838 823 3877 a.
836 3826 898 3878 008.
925 3826 1081 3878 cerinthum
1098 3827 1203 3877 delevit

116 3898 198 3957 beet;
222 3891 367 3945 naturalis
381 3899 470 3942 etitem
481 3893 574 3942 artior
592 3894 638 3943 vei
680 3902 708 3944 et
718 3894 832 3946 Aeiteici
843 3907 988 3958 cognomen
996 3893 1111 3959 aceepit.
1129 3895 1203 3947 Gen-

118 3964 255 4029 eupiditas
267 3969 321 4013 tem
329 3961 459 4011 dicentem
470 3961 582 4012 debebat
593 3961 636 4010 in·
680 3974 772 4013 suram
786 3965 872 4027 gessit
885 3977 911 4016 e.
923 3969 984 4017 612.
995 3964 1085 4026 (142.)
1097 3978 1158 4016 enm
1169 3966 1201 4016 P.

117 4036 257 4085 flammare
276 4043 356 4096 quem
374 4029 534 4078 scribentem
547 4030 639 4092 erige-
679 4031 805 4094 Scipione
812 4032 924 4100 minore,
943 4047 1005 4084 eum
1017 4045 1070 4097 quo
1084 4036 1202 4086 ruditate

116 4114 158 4153 re.
198 4102 287 4154 Galba
309 4097 473 4149 tristissimis
496 4099 639 4148 calamite-
679 4110 783 4150 murum
802 4109 831 4151 et
845 4100 944 4164 ingenii
958 4104 1130 4162 venementer
1142 4103 1202 4159 et·-

117 4180 174 4224 tum
189 4179 216 4224 et
231 4170 376 4225 effectuum
388 4166 550 4233 imaginibus
569 4167 638 4242 uteo
680 4167 800 4224 sitiebat:
818 4182 847 4220 s.
860 4169 961 4229 Vellei.
974 4170 1003 4239 1,
1020 4174 1064 4227 13.
1099 4236 1102 4241 ¹
