2676 4748
136 275 204 353 us
300 280 302 284 ⁴
499 210 801 389 «neurus.

134 465 273 537 ritatem
288 463 548 551 assequebatur:
571 464 679 535 sedin
695 466 808 533 causis
821 462 969 554 puhlieia
982 463 1083 546 nihil,
1103 462 1137 530 in
1152 464 1225 553 pri·

87 557 89 560 ⁴
135 554 227 622 ratis
252 555 338 620 satis
359 561 530 620 veterator
548 554 739 623 videbatur.
781 553 867 622 Erat
888 555 924 619 in
943 553 1087 641 privatis
1108 554 1224 620 causis

135 640 182 797 3.
203 640 386 709 Lucretius
407 641 564 731 Vespillo
587 650 623 708 et
644 653 763 709 acutus
786 650 821 708 et
849 640 1079 730 iurisperitus.
1130 639 1223 706 Nam

171 729 253 796 fella
275 728 489 801 concionibus
510 731 622 818 aptior
640 753 739 818 quam
756 729 903 797 iudiciis.
939 726 1103 795 ‘Prudens
1119 729 1222 794 etiarn

134 816 182 886 Τ.
194 817 332 895 Anicius
345 815 469 883 Velina
482 828 517 883 et
530 821 564 885 in
580 819 653 884 eius
668 817 929 904 generisoausis
943 825 1059 882 orator
1074 838 1155 881 sane
1170 824 1223 882 to-

70 945 72 948 ·
133 904 302 974 larionis.
345 901 386 970 ln
401 903 515 971 eodem
533 928 651 991 genere
666 928 841 972 causarum
858 905 999 970 multum
1016 910 1091 969 erat
1103 902 1148 970 T.
1164 901 1223 969 lu-

133 993 289 1073 ventius,
310 990 411 1059 nimis
425 994 485 1059 ille
497 993 632 1079 quidem
647 994 759 1059 lentus
775 994 810 1059 in
826 991 967 1067 dicendo
984 998 1019 1057 et
1032 1012 1137 1079 paene
1158 990 1222 1057 fri-

56 1120 58 1127 »
132 1078 253 1167 gidus:
282 1077 343 1145 sed
359 1089 395 1146 et
409 1081 555 1147 callidus
570 1081 654 1147 etin
668 1081 829 1170 capiendo
843 1079 1036 1148 adversario
1051 1085 1222 1160 vorsutus,

133 1174 171 1236 et
190 1173 367 1256 praeterea
385 1170 447 1233 nod
465 1168 641 1249 indoctus,
668 1177 704 1234 et
717 1191 834 1254 magna
851 1189 926 1233 cum
939 1167 1026 1234 iuris
1043 1167 1152 1232 civilis
1168 1165 1222 1231 in·

131 1256 337 1340 telligentia.
380 1258 457 1324 179.
479 1255 585 1325 Cuius
598 1255 732 1323 auditor
746 1254 787 1324 P.
802 1256 949 1337 Orbius,
969 1276 1063 1320 meus
1078 1253 1150 1319 fere
1164 1275 1221 1320 ae-

131 1345 268 1431 qualis,
292 1343 328 1408 in
347 1341 488 1411 dicendo
507 1367 574 1411 uon
596 1345 697 1410 nimie
714 1346 937 1424 exercitatus,
963 1341 999 1409 iu
1013 1343 1088 1408 iure
1105 1348 1219 1408 autem

89 1490 97 1506 „
131 1431 225 1498 cirili
243 1453 309 1496 non
329 1430 469 1496 inferior
483 1455 582 1520 quam
598 1433 759 1518 magister
770 1433 847 1501 fuit.
888 1430 978 1499 Nam
992 1429 1037 1497 Τ.
1054 1428 1219 1496 Aufidius

130 1519 288 1607 quivixit
301 1515 344 1583 ad
359 1540 522 1586 summam
538 1527 763 1600 senectutem,
784 1517 1007 1586 volebat'eese
1022 1516 1143 1583 similis
1157 1517 1218 1582 hc-

130 1626 225 1691 rnm,
256 1613 397 1693 eratque
418 1615 453 1673 et
472 1605 580 1674 honus
604 1607 656 1673 nir
673 1614 708 1673 ei
725 1607 901 1687 innocens,
927 1605 989 1672 sed
1006 1604 1141 1671 dicebat
1181 1627 1217 1669 a·

128 1715 218 1771 rum.
261 1691 336 1761 Neo
356 1715 437 1761 sane
456 1696 535 1782 plus
548 1696 657 1763 frater
670 1695 743 1761 eius
759 1695 808 1768 M.
824 1693 1013 1781 Virgilius,
1034 1693 1094 1782 qui
1107 1691 1152 1766 tr‘
1178 1713 1218 1758 u-

194 1851 225 1904 in
241 1840 357 1915 priveris
375 1851 458 1913 satis]
483 1855 552 1905 item
567 1855 610 1904 ed.
625 1866 667 1917 pr.
681 1832 682 1835 Ἴ
701 1853 733 1905 io
748 1862 801 1904 om.
818 1852 952 1917 quaedum
968 1851 1028 1903 edd.

131 1926 135 1932 ’
194 1922 336 1984 Vespillo]
363 1923 480 1987 Vispillo
498 1925 558 1974 edd.
576 1931 645 1975 vett.
1095 1922 1099 1937 ’

195 2001 259 2041 nam
277 1991 369 2043 orella
388 1994 478 2051 conc]
507 2004 576 2042 nam
591 1992 625 2045 A.
644 1989 706 2058 lilia
722 1989 903 2043 contionibus
921 1991 964 2040 cd.
981 2001 1023 2052 pr.
1064 1986 1215 2040 correxere
1299 1998 1302 2005 ·

159 2054 259 2124 Victor
274 2059 391 2111 Pisanus
408 2071 436 2110 et
452 2061 597 2112 Corradus.

196 2140 257 2179 cnm
275 2128 343 2180 iuris
361 2129 468 2189 clvilis]
492 2130 555 2180 linit
573 2143 632 2180 cnm
650 2130 765 2181 aiterum
781 2126 888 2190 aliquod
909 2126 1056 2176 membrum
1072 2124 1214 2177 desidera-

159 2205 234 2263 rem,
258 2197 351 2263 reiut,
375 2212 482 2266 magna
498 2211 562 2250 cum
580 2199 655 2250 ioris
673 2188 766 2249 οίυᾶιίε
781 2199 843 2248 tam
860 2207 964 2247 reram
978 2198 1150 2247 nostrarum
1165 2194 1214 2245 in-

157 2265 328 2332 erupentia.
363 2269 431 2318 Nam
450 2279 515 2319 cam
532 2268 695 2331 praepositio
714 2268 794 2318 habet
813 2279 879 2316 sane
894 2265 1076 2317 offensionem.
1111 2266 1214 2326 Quaru-
1248 2288 1251 2295 ·

160 2347 242 2399 quam
258 2337 454 2389 iiamshornius
469 2352 496 2402 p.
507 2333 570 2391 tro.
588 2339 656 2388 hunc
673 2339 763 2388 locum
780 2341 903 2387 excusat·
951 2382 953 2386 ,
1008 2389 1012 2396 ,
1090 2362 1095 2371 1

147 2536 151 2545 .
173 2491 362 2553 nemoralia]
390 2493 463 2544 Dicit
477 2507 543 2545 eum
562 2492 646 2546 dissi-
740 2506 802 2545 nam
818 2495 849 2544 7.
862 2490 1000 2557 Aufidius]
1024 2489 1047 2539 i.
1061 2501 1085 2539 a.
1102 2502 1137 2539 ne
1151 2489 1212 2541 Au-

122 2556 215 2615 uilem
237 2562 325 2612 luisse
348 2564 380 2623 Q.
400 2563 571 2632 Vespilioni,
600 2563 647 2628 qui
689 2562 771 2614 lidius
782 2563 887 2627 quidem
901 2562 927 2610 in
943 2568 1079 2612 oratorum
1090 2568 1211 2609 eratne-

122 2628 152 2680 ln
171 2631 287 2692 privatis
306 2632 398 2683 causis
413 2634 559 2697 excelluit,
584 2646 646 2685 curn
688 2645 779 2682 mero:
803 2644 864 2687 narn
889 2631 1000 2680 volebat
1023 2641 1086 2677 esse
1112 2629 1211 2680 similis

122 2699 215 2751 Ofella
236 2702 410 2751 concionibus
433 2714 512 2766 quam
538 2703 646 2752 iudiciis
690 2705 798 2764 horum,
822 2701 868 2765 qui
881 2700 934 2749 iuri
946 2698 1035 2760 magis
1051 2699 1131 2759 qrrem'
1150 2699 1210 2748 elo-

121 2777 198 2818 esaat
215 2770 310 2828 aptior.
334 2769 480 2834 ‚0f.c.47,
501 2770 561 2824 175.
591 2770 646 2821 Ce-
689 2771 815 2836 quentiae
844 2781 954 2831 operam
984 2768 1121 2829 dederant.
1180 2768 1209 2816 is

121 2845 209 2888 terum
222 2840 252 2898 Q.
266 2840 409 2888 Lucretius
425 2841 532 2906 Ofella,
557 2841 603 2905 qui
614 2841 642 2891 in
684 2848 813 2906 qliaesior
836 2851 861 2889 a
888 2838 949 2889 670.
978 2844 1087 2898 praetor
1112 2835 1209 2887 Asiam

121 2907 244 2957 exercitu
258 2909 351 2958 sullae
365 2909 551 2976 militaverat,
576 2903 643 2960 con'-
683 2911 798 2962 obtinuit
809 2915 870 2969 post
881 2909 1028 2969 Naronem,
1047 2912 1109 2956 ante
1123 2907 1209 2957 Vari-

49 3032 50 3043 ,
87 2998 90 3003 ·
119 2978 238 3027 sulatum
262 2978 364 3028 omissa
387 2986 515 3041 praetura
533 2991 559 3029 a.
579 2982 641 3031 673.
684 2981 776 3043 ninm3
807 2990 869 3027 uam
890 2978 923 3026 de
943 2987 1012 3026 auno
1030 2988 1125 3036 parum
1141 2987 1209 3024 con-

119 3046 246 3108 petebat:
269 3059 339 3109 quae
353 3060 439 3099 causa
452 3049 504 3097 fuit
516 3061 566 3097 cur
578 3050 643 3098 sul·
685 3055 755 3101 stet:
780 3060 808 3096 v.
823 3059 871 3110 pro
883 3041 984 3096 Flacco
998 3059 1022 3094 c.
1032 3047 1073 3094 19.
1087 3044 1207 3094 et0reli.

118 3116 165 3166 lae
178 3116 318 3166 dictatoris
335 3116 412 3168 iussu
429 3130 478 3178 per
492 3119 525 3168 11·
540 3119 642 3167 Bellie-
685 3120 821 3170 onomast.
847 3117 923 3176 Quod
935 3115 1095 3167 Wetzeiiua
1109 3127 1208 3166 annum

119 3196 184 3235 uum
199 3185 387 3235 trucidaretur.
405 3188 440 3236 V.
449 3183 584 3236 Asconius
595 3188 641 3236 0r.
684 3190 746 3240 679.
754 3185 850 3249 prodit,
865 3185 1208 3247 eundemqueavatutax.

118 3252 147 3303 in
167 3259 231 3316 toga
249 3255 362 3305 candida
379 3271 404 3317 p.
418 3257 462 3305 92.
493 3257 586 3312 Drum.
602 3256 641 3306 11.
684 3258 736 3321 Vl,
754 3257 781 3319 9,
797 3256 825 3307 7.
843 3254 966 3305 laudari:
989 3255 1089 3305 dicitur
1105 3255 1142 3304 ibi
1157 3253 1208 3304 Ti·-

118 3319 181 3372 482.
205 3324 356 3375 Zachariae
369 3325 446 3375 Sulla
465 3339 489 3386 p.
504 3326 564 3376 152.
684 3324 781 3377 derina
791 3321 931 3388 Aufidius.

171 3391 301 3451 prudens]
326 3394 391 3442 sive
405 3393 474 3443 iuris
488 3394 600 3456 peritus.
735 3395 772 3442 M.
787 3393 936 3455 Virgilius]
966 3393 1099 3449 Tribunus
1121 3391 1158 3452 pl.
1178 3402 1205 3442 a.

170 3460 202 3508 7.
232 3461 337 3509 Annius
366 3463 480 3521 Velina]
514 3458 641 3525 Negiexit
683 3464 745 3516 667.
771 3461 886 3513 Octavio
904 3469 932 3510 et
943 3459 1031 3512 Cinna
1042 3473 1114 3510 coss.
1137 3457 1207 3510 (ium

118 3525 238 3577 Orellins
255 3529 283 3576 in
303 3530 482 3582 Onomastico.
517 3534 641 3595 Apparet
684 3532 771 3582 cinna
783 3531 1000 3581 constitutionem
1008 3531 1137 3581 Sullanae
1149 3529 1206 3580 rei-
1266 3558 1269 3563 >

118 3608 181 3645 enm
194 3596 356 3653 mediocrem
373 3609 507 3652 oratorem
525 3601 554 3650 in
573 3614 641 3652 cau·
683 3601 808 3662 publicae
834 3601 991 3650 convellere
1013 3606 1137 3661 cuperet,
1167 3600 1205 3648 Μ.

117 3665 364 3726 sisprivatisdici.
682 3669 818 3732 Virgilius
839 3670 886 3718 vel
908 3669 1069 3733 Virginius,
1104 3677 1134 3718 ut
1162 3677 1206 3719 eat

171 3736 202 3784 Τ.
211 3735 365 3795 luventius]
383 3735 582 3789 Tiiuoentine
597 3739 639 3788 ed.
684 3739 758 3802 apud
781 3740 971 3803 Plutarchum,
1002 3751 1063 3788 eum
1089 3737 1204 3803 adiuvit,

117 3817 160 3868 pr.
195 3802 418 3873 ldemfortasse,
436 3808 481 3868 qni
496 3807 640 3868 Pomponio
683 3809 754 3859 diem
787 3809 879 3858 dicens
913 3810 1010 3859 Sullae
1038 3807 1205 3867 imperatori.

117 3877 152 3927 de
163 3874 230 3936 orig.
243 3875 294 3923 iur.
309 3880 341 3940 3,
357 3872 401 3925 42.
420 3887 535 3928 vocatur
548 3876 578 3926 G.
591 3877 640 3925 lu·
683 3878 756 3928 Plut.
768 3878 845 3929 Sulla
862 3891 886 3928 c.
902 3878 944 3930 10.
970 3868 1090 3929 Λεύκιος
1103 3877 1205 3931 Κίννας

117 3943 242 3993 veutius:
272 3957 335 3996 nam
355 3952 480 3996 esaeias
502 3953 530 3996 et
549 3946 641 3997 studia
683 3941 856 4011 παραλαβών
872 3943 925 4011 τήν
940 3938 1025 4012 dontio
1040 3938 1123 3998 ridde
1139 3942 1204 3997 ἐπε-

118 4021 278 4076 congruunt.
632 4014 640 4027 '
699 4016 765 4081 είρει
789 4010 826 4066 sni
850 4014 1015 4067 καθιντῶτα
1044 4014 1130 4064 κινεῖν
1156 4018 1205 4066 καὶ

171 4082 231 4132 179.
270 4083 301 4132 Ρ.
319 4081 433 4142 Orbius]
462 4079 641 4146 propraetor
683 4031 763 4150 diupo
781 4078 828 4135 ἐπὶ
843 4080 894 4135 τὸν
909 4076 1018 4133 liuor
1034 4079 1203 4147 παρεσκεύα-

119 4148 215 4202 Asiam
228 4153 342 4204 sortitus
355 4161 400 4204 est
416 4166 443 4206 a·
454 4153 518 4205 691.
684 4168 729 4216 ne,
753 4155 801 4205 nai
811 4151 974 4222 κατηγορεῖν
986 4146 1134 4218 ἐπέστησεν
1147 4147 1204 4239 Ot'p
