<?xml version="1.0" encoding="UTF-8"?>
<!DOCTYPE html PUBLIC "-//W3C//DTD XHTML 1.0 Transitional//EN"
    "http://www.w3.org/TR/xhtml1/DTD/xhtml1-transitional.dtd">
<html xmlns="http://www.w3.org/1999/xhtml" xml:lang="en" lang="en">
 <head>
  <title>
</title>
<meta http-equiv="Content-Type" content="text/html;charset=utf-8" />
  <meta name='ocr-system' content='tesseract 3.04.00' />
  <meta name='ocr-capabilities' content='ocr_page ocr_carea ocr_par ocr_line ocrx_word'/>
</head>
<body>
  <div class='ocr_page' id='page_1' title='image "./mtulliiciceroni00meyegoog_0176.png"; bbox 0 0 2676 4748; ppageno 0'>
   <div class='ocr_carea' id='block_1_1' title="bbox 619 233 1290 375">
    <p class='ocr_par' dir='ltr' id='par_1_1' title="bbox 619 233 1290 375">
     <span class='ocr_line' id='line_1_1' title="bbox 619 233 1290 375; baseline -0.004 -49"><span class='ocrx_word' id='word_1_1' title='bbox 619 249 706 344; x_wconf 77' lang='grc'><strong>(66.</strong></span> <span class='ocrx_word' id='word_1_2' title='bbox 727 254 784 326; x_wconf 83' lang='lat' dir='ltr'><strong>sn</strong></span> <span class='ocrx_word' id='word_1_3' title='bbox 1116 233 1130 255; x_wconf 78' lang='grc'><strong>·’</strong></span> <span class='ocrx_word' id='word_1_4' title='bbox 1184 255 1250 375; x_wconf 76' lang='lat' dir='ltr'><strong>ssi</strong></span> <span class='ocrx_word' id='word_1_5' title='bbox 1287 335 1290 338; x_wconf 11' lang='grc' dir='ltr'><strong>Α</strong></span> 
     </span>
    </p>
   </div>
   <div class='ocr_carea' id='block_1_2' title="bbox 71 435 1244 1764">
    <p class='ocr_par' dir='ltr' id='par_1_2' title="bbox 71 435 1244 1392">
     <span class='ocr_line' id='line_1_2' title="bbox 152 435 1242 538; baseline 0.009 -33"><span class='ocrx_word' id='word_1_6' title='bbox 152 435 382 530; x_wconf 76' lang='lat' dir='ltr'><strong>reperiendis,</strong></span> <span class='ocrx_word' id='word_1_7' title='bbox 403 439 537 507; x_wconf 88' lang='lat' dir='ltr'><strong>solutus</strong></span> <span class='ocrx_word' id='word_1_8' title='bbox 549 441 585 507; x_wconf 94' lang='lat' dir='ltr'><strong>in</strong></span> <span class='ocrx_word' id='word_1_9' title='bbox 598 440 807 534; x_wconf 73' lang='lat' dir='ltr'>explicandis</span> <span class='ocrx_word' id='word_1_10' title='bbox 820 437 1016 538; x_wconf 59' lang='lat' dir='ltr'><strong>sententiisp</strong></span> <span class='ocrx_word' id='word_1_11' title='bbox 1044 447 1120 511; x_wconf 83' lang='lat' dir='ltr'><strong>erat</strong></span> <span class='ocrx_word' id='word_1_12' title='bbox 1138 443 1242 515; x_wconf 86' lang='lat' dir='ltr'><strong>etiam</strong></span> 
     </span>
     <span class='ocr_line' id='line_1_3' title="bbox 150 526 1243 618; baseline 0.005 -21"><span class='ocrx_word' id='word_1_13' title='bbox 150 527 329 617; x_wconf 74' lang='lat' dir='ltr'>inprimis,</span> <span class='ocrx_word' id='word_1_14' title='bbox 352 532 398 610; x_wconf 78' lang='lat' dir='ltr'><strong>¹ut</strong></span> <span class='ocrx_word' id='word_1_15' title='bbox 419 530 627 618; x_wconf 78' lang='lat' dir='ltr'><strong>temporibus</strong></span> <span class='ocrx_word' id='word_1_16' title='bbox 648 533 738 613; x_wconf 89' lang='lat' dir='ltr'><strong>illis,</strong></span> <span class='ocrx_word' id='word_1_17' title='bbox 761 530 901 600; x_wconf 83' lang='lat' dir='ltr'><strong>Graecis</strong></span> <span class='ocrx_word' id='word_1_18' title='bbox 919 526 1084 599; x_wconf 76' lang='lat' dir='ltr'><strong>doctrinis</strong></span> <span class='ocrx_word' id='word_1_19' title='bbox 1101 531 1243 603; x_wconf 86' lang='lat' dir='ltr'><strong>institu-</strong></span> 
     </span>
     <span class='ocr_line' id='line_1_4' title="bbox 148 615 1241 707; baseline 0.005 -25"><span class='ocrx_word' id='word_1_20' title='bbox 148 623 222 696; x_wconf 85' lang='lat' dir='ltr'><strong>tus,</strong></span> <span class='ocrx_word' id='word_1_21' title='bbox 243 616 278 682; x_wconf 92' lang='lat' dir='ltr'><strong>in</strong></span> <span class='ocrx_word' id='word_1_22' title='bbox 294 615 487 690; x_wconf 86' lang='lat' dir='ltr'><strong>alternando</strong></span> <span class='ocrx_word' id='word_1_23' title='bbox 503 640 577 684; x_wconf 87' lang='lat' dir='ltr'><strong>cum</strong></span> <span class='ocrx_word' id='word_1_24' title='bbox 592 620 707 707; x_wconf 90' lang='lat' dir='ltr'><strong>aliquo</strong></span> <span class='ocrx_word' id='word_1_25' title='bbox 724 621 839 695; x_wconf 89' lang='lat' dir='ltr'><strong>aculeo</strong></span> <span class='ocrx_word' id='word_1_26' title='bbox 852 626 888 684; x_wconf 89' lang='lat' dir='ltr'><strong>et</strong></span> <span class='ocrx_word' id='word_1_27' title='bbox 902 616 1080 694; x_wconf 85' lang='lat' dir='ltr'><strong>maledicto</strong></span> <span class='ocrx_word' id='word_1_28' title='bbox 1095 619 1241 705; x_wconf 79' lang='lat' dir='ltr'><strong>facetus.</strong></span> 
     </span>
     <span class='ocr_line' id='line_1_5' title="bbox 149 690 1239 805; baseline 0.006 -34"><span class='ocrx_word' id='word_1_29' title='bbox 149 690 229 771; x_wconf 75' lang='lat'><strong>174.</strong></span> <span class='ocrx_word' id='word_1_30' title='bbox 257 701 389 771; x_wconf 87' lang='lat' dir='ltr'><strong>Horum</strong></span> <span class='ocrx_word' id='word_1_31' title='bbox 412 706 517 772; x_wconf 88' lang='lat' dir='ltr'><strong>aetati</strong></span> <span class='ocrx_word' id='word_1_32' title='bbox 535 728 641 796; x_wconf 92' lang='lat' dir='ltr'><strong>prope</strong></span> <span class='ocrx_word' id='word_1_33' title='bbox 662 708 860 774; x_wconf 91' lang='lat' dir='ltr'><strong>coniunctus</strong></span> <span class='ocrx_word' id='word_1_34' title='bbox 874 704 917 773; x_wconf 88' lang='lat' dir='ltr'><strong>L.</strong></span> <span class='ocrx_word' id='word_1_35' title='bbox 934 705 1067 805; x_wconf 74' lang='lat' dir='ltr'><strong>Gellius</strong></span> <span class='ocrx_word' id='word_1_36' title='bbox 1082 727 1148 776; x_wconf 93' lang='lat' dir='ltr'><strong>non</strong></span> <span class='ocrx_word' id='word_1_37' title='bbox 1168 715 1239 779; x_wconf 79' lang='lat' dir='ltr'><strong>tam</strong></span> 
     </span>
     <span class='ocr_line' id='line_1_6' title="bbox 148 791 1244 882; baseline 0.004 -22"><span class='ocrx_word' id='word_1_38' title='bbox 148 791 331 861; x_wconf 81' lang='lat' dir='ltr'><strong>vendibilis</strong></span> <span class='ocrx_word' id='word_1_39' title='bbox 352 800 484 874; x_wconf 89' lang='lat' dir='ltr'><strong>orator,</strong></span> <span class='ocrx_word' id='word_1_40' title='bbox 511 815 610 882; x_wconf 90' lang='lat' dir='ltr'><strong>quam</strong></span> <span class='ocrx_word' id='word_1_41' title='bbox 627 801 666 861; x_wconf 93' lang='lat' dir='ltr'><strong>ut</strong></span> <span class='ocrx_word' id='word_1_42' title='bbox 681 797 828 864; x_wconf 77' lang='lat' dir='ltr'><strong>nescires</strong></span> <span class='ocrx_word' id='word_1_43' title='bbox 843 792 926 882; x_wconf 87' lang='lat' dir='ltr'><strong>quid</strong></span> <span class='ocrx_word' id='word_1_44' title='bbox 939 794 973 860; x_wconf 92' lang='lat' dir='ltr'><strong>ei</strong></span> <span class='ocrx_word' id='word_1_45' title='bbox 987 791 1134 868; x_wconf 84' lang='lat' dir='ltr'><strong>deesset.</strong></span> <span class='ocrx_word' id='word_1_46' title='bbox 1175 800 1244 866; x_wconf 84' lang='grc'><strong>666</strong></span> 
     </span>
     <span class='ocr_line' id='line_1_7' title="bbox 92 876 1238 968; baseline 0.004 -21"><span class='ocrx_word' id='word_1_47' title='bbox 92 896 100 906; x_wconf 81' lang='grc'><strong><em>’</em></strong></span> <span class='ocrx_word' id='word_1_48' title='bbox 149 880 238 947; x_wconf 91' lang='lat' dir='ltr'><strong>enim</strong></span> <span class='ocrx_word' id='word_1_49' title='bbox 255 887 328 947; x_wconf 91' lang='lat' dir='ltr'><strong>erat</strong></span> <span class='ocrx_word' id='word_1_50' title='bbox 343 879 511 962; x_wconf 89' lang='lat' dir='ltr'><strong>indoctus,</strong></span> <span class='ocrx_word' id='word_1_51' title='bbox 533 881 728 951; x_wconf 88' lang='lat' dir='ltr'><strong>nectardus</strong></span> <span class='ocrx_word' id='word_1_52' title='bbox 745 883 788 950; x_wconf 86' lang='lat' dir='ltr'><strong>ed</strong></span> <span class='ocrx_word' id='word_1_53' title='bbox 802 880 1069 968; x_wconf 83' lang='lat' dir='ltr'><strong>excogitandum,</strong></span> <span class='ocrx_word' id='word_1_54' title='bbox 1090 892 1152 950; x_wconf 87' lang='grc'><strong>666</strong></span> <span class='ocrx_word' id='word_1_55' title='bbox 1166 876 1238 952; x_wconf 80' lang='lat' dir='ltr'><strong>Rc-</strong></span> 
     </span>
     <span class='ocr_line' id='line_1_8' title="bbox 147 968 1237 1052; baseline 0.007 -19"><span class='ocrx_word' id='word_1_56' title='bbox 147 988 321 1045; x_wconf 88' lang='lat' dir='ltr'><strong>manarum</strong></span> <span class='ocrx_word' id='word_1_57' title='bbox 337 990 448 1034; x_wconf 88' lang='lat' dir='ltr'><strong>rerum</strong></span> <span class='ocrx_word' id='word_1_58' title='bbox 466 969 650 1052; x_wconf 88' lang='lat' dir='ltr'><strong>immernor,</strong></span> <span class='ocrx_word' id='word_1_59' title='bbox 672 980 707 1038; x_wconf 94' lang='lat' dir='ltr'><strong>et</strong></span> <span class='ocrx_word' id='word_1_60' title='bbox 722 971 833 1040; x_wconf 85' lang='lat' dir='ltr'><strong>verbis</strong></span> <span class='ocrx_word' id='word_1_61' title='bbox 846 972 981 1038; x_wconf 89' lang='lat' dir='ltr'><strong>solutus</strong></span> <span class='ocrx_word' id='word_1_62' title='bbox 999 972 1105 1038; x_wconf 85' lang='lat' dir='ltr'><strong>satis:</strong></span> <span class='ocrx_word' id='word_1_63' title='bbox 1125 968 1187 1039; x_wconf 89' lang='lat' dir='ltr'><strong>sed</strong></span> <span class='ocrx_word' id='word_1_64' title='bbox 1198 970 1237 1041; x_wconf 87' lang='lat' dir='ltr'><strong>in</strong></span> 
     </span>
     <span class='ocr_line' id='line_1_9' title="bbox 145 1057 1237 1148; baseline 0.004 -26"><span class='ocrx_word' id='word_1_65' title='bbox 145 1077 285 1141; x_wconf 82' lang='lat' dir='ltr'><strong>magnos</strong></span> <span class='ocrx_word' id='word_1_66' title='bbox 302 1065 454 1123; x_wconf 87' lang='lat' dir='ltr'><strong>oratores</strong></span> <span class='ocrx_word' id='word_1_67' title='bbox 468 1057 635 1124; x_wconf 77' lang='lat' dir='ltr'>inciderat</span> <span class='ocrx_word' id='word_1_68' title='bbox 649 1059 722 1126; x_wconf 90' lang='lat' dir='ltr'><strong>eius</strong></span> <span class='ocrx_word' id='word_1_69' title='bbox 739 1069 851 1136; x_wconf 69' lang='lat' dir='ltr'><strong>actaea</strong></span> <span class='ocrx_word' id='word_1_70' title='bbox 873 1058 1012 1124; x_wconf 90' lang='lat' dir='ltr'><strong>multam</strong></span> <span class='ocrx_word' id='word_1_71' title='bbox 1028 1064 1139 1126; x_wconf 89' lang='lat' dir='ltr'><strong>tamen</strong></span> <span class='ocrx_word' id='word_1_72' title='bbox 1155 1079 1237 1148; x_wconf 91' lang='lat' dir='ltr'><strong>ope-</strong></span> 
     </span>
     <span class='ocr_line' id='line_1_10' title="bbox 144 1143 1235 1236; baseline 0 -25"><span class='ocrx_word' id='word_1_73' title='bbox 144 1165 217 1211; x_wconf 88' lang='lat' dir='ltr'><strong>ram</strong></span> <span class='ocrx_word' id='word_1_74' title='bbox 231 1143 347 1211; x_wconf 90' lang='lat' dir='ltr'><strong>amicis</strong></span> <span class='ocrx_word' id='word_1_75' title='bbox 361 1152 395 1211; x_wconf 91' lang='lat' dir='ltr'><strong>et</strong></span> <span class='ocrx_word' id='word_1_76' title='bbox 410 1145 528 1210; x_wconf 90' lang='lat' dir='ltr'><strong>utilem</strong></span> <span class='ocrx_word' id='word_1_77' title='bbox 543 1146 710 1235; x_wconf 89' lang='lat' dir='ltr'><strong>praebuit,</strong></span> <span class='ocrx_word' id='word_1_78' title='bbox 731 1156 833 1236; x_wconf 87' lang='lat' dir='ltr'><strong>atque</strong></span> <span class='ocrx_word' id='word_1_79' title='bbox 845 1147 894 1213; x_wconf 86' lang='lat' dir='ltr'><strong>ita</strong></span> <span class='ocrx_word' id='word_1_80' title='bbox 908 1145 967 1212; x_wconf 88' lang='lat' dir='ltr'><strong>diu</strong></span> <span class='ocrx_word' id='word_1_81' title='bbox 980 1146 1074 1228; x_wconf 85' lang='lat' dir='ltr'><strong>vixit,</strong></span> <span class='ocrx_word' id='word_1_82' title='bbox 1094 1146 1235 1223; x_wconf 80' lang='grc'><strong>661661-</strong></span> 
     </span>
     <span class='ocr_line' id='line_1_11' title="bbox 145 1232 1232 1324; baseline 0.007 -27"><span class='ocrx_word' id='word_1_83' title='bbox 145 1237 258 1299; x_wconf 77' lang='grc'><strong>666661</strong></span> <span class='ocrx_word' id='word_1_84' title='bbox 274 1241 422 1299; x_wconf 89' lang='lat' dir='ltr'><strong>aetatum</strong></span> <span class='ocrx_word' id='word_1_85' title='bbox 440 1233 634 1301; x_wconf 89' lang='lat' dir='ltr'><strong>oratoribus</strong></span> <span class='ocrx_word' id='word_1_86' title='bbox 648 1235 899 1324; x_wconf 76' lang='lat' dir='ltr'><strong>implicaretur,</strong></span> <span class='ocrx_word' id='word_1_87' title='bbox 921 1234 1063 1301; x_wconf 90' lang='lat' dir='ltr'><strong>multum</strong></span> <span class='ocrx_word' id='word_1_88' title='bbox 1077 1232 1180 1300; x_wconf 90' lang='lat' dir='ltr'><strong>etiam</strong></span> <span class='ocrx_word' id='word_1_89' title='bbox 1194 1233 1232 1305; x_wconf 80' lang='lat' dir='ltr'><strong>iu</strong></span> 
     </span>
     <span class='ocr_line' id='line_1_12' title="bbox 71 1318 1241 1392; baseline 0.003 -7"><span class='ocrx_word' id='word_1_90' title='bbox 71 1354 73 1359; x_wconf 93' lang='lat'>·</span> <span class='ocrx_word' id='word_1_91' title='bbox 144 1320 256 1386; x_wconf 86' lang='lat' dir='ltr'><strong>causis</strong></span> <span class='ocrx_word' id='word_1_92' title='bbox 273 1329 477 1389; x_wconf 86' lang='lat' dir='ltr'><strong>versarctur.</strong></span> <span class='ocrx_word' id='word_1_93' title='bbox 521 1324 599 1392; x_wconf 80' lang='lat'><strong>175.</strong></span> <span class='ocrx_word' id='word_1_94' title='bbox 624 1320 749 1390; x_wconf 88' lang='lat' dir='ltr'><strong>Iisdem</strong></span> <span class='ocrx_word' id='word_1_95' title='bbox 765 1323 836 1390; x_wconf 86' lang='lat' dir='ltr'><strong>fere</strong></span> <span class='ocrx_word' id='word_1_96' title='bbox 849 1330 916 1391; x_wconf 91' lang='lat' dir='ltr'><strong>tem</strong></span> <span class='ocrx_word' id='word_1_97' title='bbox 942 1321 1058 1389; x_wconf 90' lang='lat' dir='ltr'><strong>oribus</strong></span> <span class='ocrx_word' id='word_1_98' title='bbox 1076 1318 1241 1388; x_wconf 69' lang='grc'><strong>16166.</strong></span> 
     </span>
    </p>

    <p class='ocr_par' dir='ltr' id='par_1_3' title="bbox 140 1344 1242 1764">
     <span class='ocr_line' id='line_1_13' title="bbox 143 1344 1230 1503; baseline 0.004 -29"><span class='ocrx_word' id='word_1_99' title='bbox 143 1415 220 1487; x_wconf 89' lang='lat' dir='ltr'><strong>tus,</strong></span> <span class='ocrx_word' id='word_1_100' title='bbox 251 1408 283 1475; x_wconf 91' lang='lat' dir='ltr'><strong>is</strong></span> <span class='ocrx_word' id='word_1_101' title='bbox 306 1409 365 1497; x_wconf 87' lang='lat' dir='ltr'><strong>qni</strong></span> <span class='ocrx_word' id='word_1_102' title='bbox 383 1409 501 1474; x_wconf 90' lang='lat' dir='ltr'><strong>consul</strong></span> <span class='ocrx_word' id='word_1_103' title='bbox 515 1431 597 1503; x_wconf 17' lang='lat' dir='ltr'><strong>*cum</strong></span> <span class='ocrx_word' id='word_1_104' title='bbox 621 1410 790 1478; x_wconf 76' lang='lat' dir='ltr'><strong>Mamerco</strong></span> <span class='ocrx_word' id='word_1_105' title='bbox 811 1411 896 1491; x_wconf 86' lang='lat' dir='ltr'><strong>fuit,</strong></span> <span class='ocrx_word' id='word_1_106' title='bbox 918 1344 1022 1478; x_wconf 60' lang='lat' dir='ltr'><strong>bomo</strong></span> <span class='ocrx_word' id='word_1_107' title='bbox 1037 1415 1073 1477; x_wconf 90' lang='lat' dir='ltr'><strong>et</strong></span> <span class='ocrx_word' id='word_1_108' title='bbox 1089 1407 1230 1478; x_wconf 79' lang='lat' dir='ltr'><strong>Graecis</strong></span> 
     </span>
     <span class='ocr_line' id='line_1_14' title="bbox 143 1493 1242 1586; baseline 0.004 -25"><span class='ocrx_word' id='word_1_109' title='bbox 143 1493 264 1562; x_wconf 85' lang='lat' dir='ltr'><strong>doctus</strong></span> <span class='ocrx_word' id='word_1_110' title='bbox 283 1497 412 1563; x_wconf 88' lang='lat' dir='ltr'><strong>litteris</strong></span> <span class='ocrx_word' id='word_1_111' title='bbox 434 1504 470 1562; x_wconf 93' lang='lat' dir='ltr'><strong>et</strong></span> <span class='ocrx_word' id='word_1_112' title='bbox 490 1495 636 1564; x_wconf 88' lang='lat' dir='ltr'><strong>Latinis.</strong></span> <span class='ocrx_word' id='word_1_113' title='bbox 678 1498 825 1567; x_wconf 76' lang='lat' dir='ltr'><strong>Dicebat</strong></span> <span class='ocrx_word' id='word_1_114' title='bbox 848 1497 949 1565; x_wconf 91' lang='lat' dir='ltr'><strong>etiam</strong></span> <span class='ocrx_word' id='word_1_115' title='bbox 969 1496 1014 1567; x_wconf 83' lang='lat' dir='ltr'><strong>L.</strong></span> <span class='ocrx_word' id='word_1_116' title='bbox 1031 1495 1242 1586; x_wconf 77' lang='grc'><strong>8616166611.</strong></span> 
     </span>
     <span class='ocr_line' id='line_1_15' title="bbox 140 1582 1229 1676; baseline 0.003 -27"><span class='ocrx_word' id='word_1_117' title='bbox 140 1582 315 1673; x_wconf 88' lang='lat' dir='ltr'><strong>imperite,</strong></span> <span class='ocrx_word' id='word_1_118' title='bbox 337 1582 538 1672; x_wconf 75' lang='lat' dir='ltr'><strong>Gnaeusque</strong></span> <span class='ocrx_word' id='word_1_119' title='bbox 552 1584 733 1676; x_wconf 85' lang='lat' dir='ltr'><strong>Pompeius</strong></span> <span class='ocrx_word' id='word_1_120' title='bbox 750 1586 828 1656; x_wconf 87' lang='lat' dir='ltr'><strong>Sex.</strong></span> <span class='ocrx_word' id='word_1_121' title='bbox 839 1585 880 1655; x_wconf 87' lang='lat' dir='ltr'><strong>F.</strong></span> <span class='ocrx_word' id='word_1_122' title='bbox 893 1587 1039 1674; x_wconf 80' lang='lat' dir='ltr'><strong>aliquem</strong></span> <span class='ocrx_word' id='word_1_123' title='bbox 1052 1605 1229 1667; x_wconf 80' lang='lat' dir='ltr'><strong>numerum</strong></span> 
     </span>
     <span class='ocr_line' id='line_1_16' title="bbox 140 1671 1229 1764; baseline 0.001 -24"><span class='ocrx_word' id='word_1_124' title='bbox 140 1671 327 1744; x_wconf 79' lang='lat' dir='ltr'><strong>obtinebat.</strong></span> <span class='ocrx_word' id='word_1_125' title='bbox 370 1671 460 1741; x_wconf 87' lang='lat' dir='ltr'><strong>Nam</strong></span> <span class='ocrx_word' id='word_1_126' title='bbox 472 1673 554 1751; x_wconf 78' lang='lat' dir='ltr'><strong>sex,</strong></span> <span class='ocrx_word' id='word_1_127' title='bbox 567 1675 676 1742; x_wconf 83' lang='lat' dir='ltr'><strong>irater</strong></span> <span class='ocrx_word' id='word_1_128' title='bbox 692 1675 765 1742; x_wconf 89' lang='lat' dir='ltr'><strong>eins</strong></span> <span class='ocrx_word' id='word_1_129' title='bbox 786 1672 1115 1764; x_wconf 88' lang='lat' dir='ltr'><strong>praestantissimum</strong></span> <span class='ocrx_word' id='word_1_130' title='bbox 1134 1674 1229 1762; x_wconf 81' lang='lat' dir='ltr'><strong>inge·</strong></span> 
     </span>
    </p>
   </div>
   <div class='ocr_carea' id='block_1_3' title="bbox 69 1828 1246 2940">
    <p class='ocr_par' dir='ltr' id='par_1_4' title="bbox 69 1828 1246 2940">
     <span class='ocr_line' id='line_1_17' title="bbox 193 1828 1227 1902; baseline 0.006 -21"><span class='ocrx_word' id='word_1_131' title='bbox 193 1828 254 1882; x_wconf 80' lang='grc'><strong>171.</strong></span> <span class='ocrx_word' id='word_1_132' title='bbox 287 1832 322 1885; x_wconf 72' lang='grc'><strong>1..</strong></span> <span class='ocrx_word' id='word_1_133' title='bbox 343 1832 465 1894; x_wconf 79' lang='lat' dir='ltr'><strong>Gellius]</strong></span> <span class='ocrx_word' id='word_1_134' title='bbox 493 1831 523 1884; x_wconf 82' lang='grc'><strong>6.</strong></span> <span class='ocrx_word' id='word_1_135' title='bbox 542 1833 586 1886; x_wconf 85' lang='grc'><strong>27.</strong></span> <span class='ocrx_word' id='word_1_136' title='bbox 611 1834 662 1902; x_wconf 70' lang='lat' dir='ltr'><strong>fo·</strong></span> <span class='ocrx_word' id='word_1_137' title='bbox 703 1833 787 1900; x_wconf 88' lang='lat' dir='ltr'><strong>lium,</strong></span> <span class='ocrx_word' id='word_1_138' title='bbox 821 1846 892 1899; x_wconf 86' lang='lat' dir='ltr'><strong>qnae</strong></span> <span class='ocrx_word' id='word_1_139' title='bbox 919 1845 1032 1886; x_wconf 88' lang='lat' dir='ltr'><strong>eausam</strong></span> <span class='ocrx_word' id='word_1_140' title='bbox 1059 1829 1227 1896; x_wconf 72' lang='lat' dir='ltr'><strong>probabilem</strong></span> 
     </span>
     <span class='ocr_line' id='line_1_18' title="bbox 138 1899 1137 1967; baseline -0.003 -15"><span class='ocrx_word' id='word_1_141' title='bbox 138 1899 263 1952; x_wconf 77' lang='grc' dir='ltr'><strong>661116νὶ6</strong></span> <span class='ocrx_word' id='word_1_142' title='bbox 286 1904 388 1955; x_wconf 77' lang='lat' dir='ltr'><strong>noster</strong></span> <span class='ocrx_word' id='word_1_143' title='bbox 406 1902 440 1952; x_wconf 77' lang='grc'><strong>1..</strong></span> <span class='ocrx_word' id='word_1_144' title='bbox 460 1901 567 1954; x_wconf 81' lang='lat' dir='ltr'><strong>Gellius</strong></span> <span class='ocrx_word' id='word_1_145' title='bbox 584 1903 660 1955; x_wconf 81' lang='lat' dir='ltr'><strong>Cor·</strong></span> <span class='ocrx_word' id='word_1_146' title='bbox 702 1906 832 1955; x_wconf 88' lang='lat' dir='ltr'><strong>reddant:</strong></span> <span class='ocrx_word' id='word_1_147' title='bbox 849 1917 878 1952; x_wconf 83' lang='lat' dir='ltr'><strong>v.</strong></span> <span class='ocrx_word' id='word_1_148' title='bbox 892 1904 926 1953; x_wconf 88' lang='lat' dir='ltr'><strong>de</strong></span> <span class='ocrx_word' id='word_1_149' title='bbox 942 1903 1049 1953; x_wconf 85' lang='lat' dir='ltr'><strong>invent.</strong></span> <span class='ocrx_word' id='word_1_150' title='bbox 1064 1901 1094 1967; x_wconf 87' lang='lat'><strong>1,</strong></span> <span class='ocrx_word' id='word_1_151' title='bbox 1110 1903 1137 1954; x_wconf 88' lang='grc'><strong>7.</strong></span> 
     </span>
     <span class='ocr_line' id='line_1_19' title="bbox 138 1968 1244 2039; baseline 0.004 -18"><span class='ocrx_word' id='word_1_152' title='bbox 138 1970 203 2021; x_wconf 82' lang='lat' dir='ltr'><strong>boni</strong></span> <span class='ocrx_word' id='word_1_153' title='bbox 220 1972 453 2022; x_wconf 79' lang='lat' dir='ltr'><strong>contubernalem</strong></span> <span class='ocrx_word' id='word_1_154' title='bbox 471 1986 501 2024; x_wconf 86' lang='lat' dir='ltr'><strong>se</strong></span> <span class='ocrx_word' id='word_1_155' title='bbox 519 1971 611 2039; x_wconf 77' lang='lat' dir='ltr'><strong>fnisse</strong></span> <span class='ocrx_word' id='word_1_156' title='bbox 628 1974 660 2025; x_wconf 83' lang='lat' dir='ltr'><strong>in</strong></span> <span class='ocrx_word' id='word_1_157' title='bbox 753 1973 811 2025; x_wconf 79' lang='lat'><strong>175.</strong></span> <span class='ocrx_word' id='word_1_158' title='bbox 846 1973 879 2024; x_wconf 85' lang='lat' dir='ltr'><strong>D.</strong></span> <span class='ocrx_word' id='word_1_159' title='bbox 892 1974 1005 2033; x_wconf 83' lang='lat' dir='ltr'><strong>Brutus]</strong></span> <span class='ocrx_word' id='word_1_160' title='bbox 1030 1968 1158 2022; x_wconf 81' lang='lat' dir='ltr'><strong>Decimus</strong></span> <span class='ocrx_word' id='word_1_161' title='bbox 1175 1969 1225 2025; x_wconf 85' lang='lat' dir='ltr'><strong>lu·</strong></span> <span class='ocrx_word' id='word_1_162' title='bbox 1243 2019 1244 2028; x_wconf 72' lang='grc'>,</span> 
     </span>
     <span class='ocr_line' id='line_1_20' title="bbox 136 2039 1224 2104; baseline 0.003 -14"><span class='ocrx_word' id='word_1_163' title='bbox 136 2041 290 2092; x_wconf 80' lang='lat' dir='ltr'><strong>consulatu</strong></span> <span class='ocrx_word' id='word_1_164' title='bbox 311 2041 454 2091; x_wconf 81' lang='lat' dir='ltr'><strong>narrabat</strong></span> <span class='ocrx_word' id='word_1_165' title='bbox 461 2053 472 2098; x_wconf 88' lang='lat'><strong>‚·</strong></span> <span class='ocrx_word' id='word_1_166' title='bbox 501 2044 658 2104; x_wconf 85' lang='grc'><strong>66666616</strong></span> <span class='ocrx_word' id='word_1_167' title='bbox 701 2042 763 2093; x_wconf 89' lang='lat' dir='ltr'><strong>nius</strong></span> <span class='ocrx_word' id='word_1_168' title='bbox 784 2043 884 2093; x_wconf 85' lang='lat' dir='ltr'><strong>Brutus</strong></span> <span class='ocrx_word' id='word_1_169' title='bbox 906 2050 934 2091; x_wconf 90' lang='lat' dir='ltr'><strong>et</strong></span> <span class='ocrx_word' id='word_1_170' title='bbox 952 2043 990 2093; x_wconf 84' lang='lat' dir='ltr'><strong>M.</strong></span> <span class='ocrx_word' id='word_1_171' title='bbox 1010 2039 1144 2094; x_wconf 79' lang='lat' dir='ltr'><strong>Aemilius</strong></span> <span class='ocrx_word' id='word_1_172' title='bbox 1160 2040 1224 2093; x_wconf 83' lang='lat' dir='ltr'><strong>bla-</strong></span> 
     </span>
     <span class='ocr_line' id='line_1_21' title="bbox 136 2109 1222 2176; baseline 0.003 -16"><span class='ocrx_word' id='word_1_173' title='bbox 136 2109 249 2160; x_wconf 87' lang='grc'><strong>6166666</strong></span> <span class='ocrx_word' id='word_1_174' title='bbox 261 2112 420 2175; x_wconf 77' lang='lat' dir='ltr'><strong>magistrum</strong></span> <span class='ocrx_word' id='word_1_175' title='bbox 433 2111 533 2160; x_wconf 82' lang='grc'><strong>666616.</strong></span> <span class='ocrx_word' id='word_1_176' title='bbox 564 2112 593 2161; x_wconf 83' lang='grc'><strong>16</strong></span> <span class='ocrx_word' id='word_1_177' title='bbox 605 2125 657 2163; x_wconf 89' lang='lat' dir='ltr'><strong>an·</strong></span> <span class='ocrx_word' id='word_1_178' title='bbox 700 2125 809 2165; x_wconf 88' lang='lat' dir='ltr'><strong>merens</strong></span> <span class='ocrx_word' id='word_1_179' title='bbox 822 2111 942 2176; x_wconf 79' lang='lat' dir='ltr'><strong>Lepidus</strong></span> <span class='ocrx_word' id='word_1_180' title='bbox 957 2110 1181 2165; x_wconf 74' lang='grc'><strong>116166666666.</strong></span> <span class='ocrx_word' id='word_1_181' title='bbox 1194 2121 1222 2163; x_wconf 84' lang='grc'><strong>6.</strong></span> 
     </span>
     <span class='ocr_line' id='line_1_22' title="bbox 134 2179 1087 2248; baseline 0.009 -20"><span class='ocrx_word' id='word_1_182' title='bbox 134 2187 190 2229; x_wconf 88' lang='lat' dir='ltr'><strong>tem</strong></span> <span class='ocrx_word' id='word_1_183' title='bbox 213 2181 259 2244; x_wconf 89' lang='lat' dir='ltr'><strong>qni</strong></span> <span class='ocrx_word' id='word_1_184' title='bbox 282 2193 307 2231; x_wconf 77' lang='lat' dir='ltr'><strong>a</strong></span> <span class='ocrx_word' id='word_1_185' title='bbox 323 2179 384 2230; x_wconf 77' lang='grc'><strong>631.</strong></span> <span class='ocrx_word' id='word_1_186' title='bbox 408 2187 467 2230; x_wconf 91' lang='lat' dir='ltr'><strong>erat</strong></span> <span class='ocrx_word' id='word_1_187' title='bbox 486 2181 656 2248; x_wconf 86' lang='lat' dir='ltr'><strong>adolescens,</strong></span> <span class='ocrx_word' id='word_1_188' title='bbox 700 2183 761 2235; x_wconf 84' lang='grc'><strong>677.</strong></span> <span class='ocrx_word' id='word_1_189' title='bbox 1085 2237 1087 2241; x_wconf 75' lang='grc'>,</span> 
     </span>
     <span class='ocr_line' id='line_1_23' title="bbox 69 2242 1223 2314; baseline -0.001 -14"><span class='ocrx_word' id='word_1_190' title='bbox 69 2280 70 2284; x_wconf 40' lang='lat'>1</span> <span class='ocrx_word' id='word_1_191' title='bbox 134 2256 226 2300; x_wconf 85' lang='lat' dir='ltr'><strong>aetate</strong></span> <span class='ocrx_word' id='word_1_192' title='bbox 250 2249 341 2300; x_wconf 82' lang='lat' dir='ltr'><strong>debuit</strong></span> <span class='ocrx_word' id='word_1_193' title='bbox 364 2262 414 2312; x_wconf 87' lang='lat' dir='ltr'><strong>par</strong></span> <span class='ocrx_word' id='word_1_194' title='bbox 431 2263 493 2299; x_wconf 91' lang='lat' dir='ltr'><strong>esse</strong></span> <span class='ocrx_word' id='word_1_195' title='bbox 512 2242 611 2301; x_wconf 83' lang='lat' dir='ltr'><strong>Crasso</strong></span> <span class='ocrx_word' id='word_1_196' title='bbox 630 2258 658 2301; x_wconf 90' lang='lat' dir='ltr'><strong>et</strong></span> <span class='ocrx_word' id='word_1_197' title='bbox 751 2248 897 2314; x_wconf 74' lang='lat' dir='ltr'><strong>Iaseipio]</strong></span> <span class='ocrx_word' id='word_1_198' title='bbox 913 2244 1223 2311; x_wconf 72' lang='lat' dir='ltr'><strong>Ia.Gorn.sclpiodsla-</strong></span> 
     </span>
     <span class='ocr_line' id='line_1_24' title="bbox 133 2316 1220 2384; baseline 0.001 -17"><span class='ocrx_word' id='word_1_199' title='bbox 133 2319 261 2368; x_wconf 78' lang='lat' dir='ltr'><strong>Antonio.</strong></span> <span class='ocrx_word' id='word_1_200' title='bbox 295 2319 354 2368; x_wconf 89' lang='grc'><strong>1166</strong></span> <span class='ocrx_word' id='word_1_201' title='bbox 376 2319 456 2382; x_wconf 70' lang='grc'><strong>16666</strong></span> <span class='ocrx_word' id='word_1_202' title='bbox 479 2319 567 2370; x_wconf 88' lang='lat' dir='ltr'><strong>minor</strong></span> <span class='ocrx_word' id='word_1_203' title='bbox 590 2327 657 2374; x_wconf 89' lang='lat' dir='ltr'><strong>natu</strong></span> <span class='ocrx_word' id='word_1_204' title='bbox 699 2317 940 2372; x_wconf 61' lang='lat' dir='ltr'><strong>transcensam.</strong></span> <span class='ocrx_word' id='word_1_205' title='bbox 951 2316 1127 2384; x_wconf 76' lang='lat' dir='ltr'><strong>anaxarcho,</strong></span> <span class='ocrx_word' id='word_1_206' title='bbox 1140 2326 1220 2384; x_wconf 82' lang='grc'><strong>66661</strong></span> 
     </span>
     <span class='ocr_line' id='line_1_25' title="bbox 133 2386 1218 2453; baseline -0.005 -14"><span class='ocrx_word' id='word_1_207' title='bbox 133 2388 168 2439; x_wconf 70' lang='lat' dir='ltr'><strong>Il.</strong></span> <span class='ocrx_word' id='word_1_208' title='bbox 187 2387 294 2437; x_wconf 77' lang='lat' dir='ltr'><strong>Gellius</strong></span> <span class='ocrx_word' id='word_1_209' title='bbox 312 2388 407 2438; x_wconf 87' lang='grc'><strong>666661</strong></span> <span class='ocrx_word' id='word_1_210' title='bbox 424 2401 449 2438; x_wconf 85' lang='grc'><strong>6.</strong></span> <span class='ocrx_word' id='word_1_211' title='bbox 464 2389 524 2441; x_wconf 80' lang='grc'><strong>682.</strong></span> <span class='ocrx_word' id='word_1_212' title='bbox 699 2399 795 2441; x_wconf 85' lang='lat' dir='ltr'><strong>eontra</strong></span> <span class='ocrx_word' id='word_1_213' title='bbox 811 2389 915 2440; x_wconf 75' lang='lat' dir='ltr'><strong>Sullam</strong></span> <span class='ocrx_word' id='word_1_214' title='bbox 930 2386 1061 2451; x_wconf 87' lang='lat' dir='ltr'><strong>ducebat,</strong></span> <span class='ocrx_word' id='word_1_215' title='bbox 1082 2386 1218 2453; x_wconf 80' lang='lat' dir='ltr'><strong>decamus,</strong></span> 
     </span>
     <span class='ocr_line' id='line_1_26' title="bbox 185 2456 1218 2518; baseline -0.002 -12"><span class='ocrx_word' id='word_1_216' title='bbox 185 2468 240 2507; x_wconf 90' lang='lat' dir='ltr'><strong>non</strong></span> <span class='ocrx_word' id='word_1_217' title='bbox 257 2465 313 2506; x_wconf 88' lang='lat' dir='ltr'><strong>tam</strong></span> <span class='ocrx_word' id='word_1_218' title='bbox 330 2456 489 2518; x_wconf 84' lang='lat' dir='ltr'><strong>vendibilis]</strong></span> <span class='ocrx_word' id='word_1_219' title='bbox 520 2457 580 2506; x_wconf 85' lang='lat' dir='ltr'><strong>Non</strong></span> <span class='ocrx_word' id='word_1_220' title='bbox 598 2463 654 2508; x_wconf 88' lang='lat' dir='ltr'><strong>tam</strong></span> <span class='ocrx_word' id='word_1_221' title='bbox 699 2460 747 2508; x_wconf 90' lang='lat' dir='ltr'><strong>sed</strong></span> <span class='ocrx_word' id='word_1_222' title='bbox 778 2471 797 2510; x_wconf 89' lang='lat' dir='ltr'><strong>a</strong></span> <span class='ocrx_word' id='word_1_223' title='bbox 825 2457 931 2508; x_wconf 84' lang='lat' dir='ltr'><strong>victore</strong></span> <span class='ocrx_word' id='word_1_224' title='bbox 962 2461 1142 2507; x_wconf 84' lang='lat' dir='ltr'><strong>conservatus</strong></span> <span class='ocrx_word' id='word_1_225' title='bbox 1165 2461 1218 2506; x_wconf 86' lang='lat' dir='ltr'><strong>est.</strong></span> 
     </span>
     <span class='ocr_line' id='line_1_27' title="bbox 132 2522 1219 2591; baseline -0.001 -16"><span class='ocrx_word' id='word_1_226' title='bbox 132 2522 250 2577; x_wconf 85' lang='lat' dir='ltr'><strong>eximius</strong></span> <span class='ocrx_word' id='word_1_227' title='bbox 273 2530 365 2575; x_wconf 88' lang='lat' dir='ltr'><strong>orator</strong></span> <span class='ocrx_word' id='word_1_228' title='bbox 378 2524 467 2589; x_wconf 78' lang='lat' dir='ltr'><strong>&#39;quam</strong></span> <span class='ocrx_word' id='word_1_229' title='bbox 489 2525 532 2591; x_wconf 86' lang='grc'><strong>16,</strong></span> <span class='ocrx_word' id='word_1_230' title='bbox 556 2526 585 2576; x_wconf 91' lang='grc'><strong>16</strong></span> <span class='ocrx_word' id='word_1_231' title='bbox 601 2537 654 2590; x_wconf 92' lang='grc'><strong>666</strong></span> <span class='ocrx_word' id='word_1_232' title='bbox 696 2527 798 2579; x_wconf 81' lang='lat' dir='ltr'><strong>Postea</strong></span> <span class='ocrx_word' id='word_1_233' title='bbox 808 2532 899 2579; x_wconf 89' lang='lat' dir='ltr'><strong>tamen</strong></span> <span class='ocrx_word' id='word_1_234' title='bbox 909 2525 944 2577; x_wconf 89' lang='lat' dir='ltr'><strong>ab</strong></span> <span class='ocrx_word' id='word_1_235' title='bbox 956 2526 1049 2576; x_wconf 88' lang='lat' dir='ltr'><strong>eodem</strong></span> <span class='ocrx_word' id='word_1_236' title='bbox 1062 2522 1140 2575; x_wconf 80' lang='grc'><strong>16116</strong></span> <span class='ocrx_word' id='word_1_237' title='bbox 1153 2534 1219 2586; x_wconf 88' lang='lat' dir='ltr'><strong>pro·</strong></span> 
     </span>
     <span class='ocr_line' id='line_1_28' title="bbox 133 2592 1218 2665; baseline 0.001 -20"><span class='ocrx_word' id='word_1_238' title='bbox 133 2595 239 2665; x_wconf 80' lang='lat' dir='ltr'><strong>nullum</strong></span> <span class='ocrx_word' id='word_1_239' title='bbox 263 2593 357 2644; x_wconf 72' lang='lat' dir='ltr'><strong>vitin-</strong></span> <span class='ocrx_word' id='word_1_240' title='bbox 382 2604 477 2659; x_wconf 86' lang='lat' dir='ltr'><strong>aperte</strong></span> <span class='ocrx_word' id='word_1_241' title='bbox 500 2596 652 2657; x_wconf 88' lang='lat' dir='ltr'><strong>deprehen·</strong></span> <span class='ocrx_word' id='word_1_242' title='bbox 696 2593 951 2660; x_wconf 85' lang='lat' dir='ltr'><strong>seriptnsin&#39;exilio</strong></span> <span class='ocrx_word' id='word_1_243' title='bbox 963 2592 1131 2647; x_wconf 83' lang='lat' dir='ltr'><strong>Massiliensi</strong></span> <span class='ocrx_word' id='word_1_244' title='bbox 1143 2604 1218 2646; x_wconf 88' lang='lat' dir='ltr'><strong>mor-</strong></span> 
     </span>
     <span class='ocr_line' id='line_1_29' title="bbox 132 2656 827 2727; baseline 0 -14"><span class='ocrx_word' id='word_1_245' title='bbox 132 2665 192 2716; x_wconf 89' lang='lat' dir='ltr'><strong>das.</strong></span> <span class='ocrx_word' id='word_1_246' title='bbox 227 2656 322 2727; x_wconf 84' lang='lat' dir='ltr'><strong>ltaque</strong></span> <span class='ocrx_word' id='word_1_247' title='bbox 335 2677 387 2714; x_wconf 93' lang='lat' dir='ltr'><strong>non</strong></span> <span class='ocrx_word' id='word_1_248' title='bbox 400 2672 455 2716; x_wconf 91' lang='lat' dir='ltr'><strong>tam</strong></span> <span class='ocrx_word' id='word_1_249' title='bbox 469 2673 580 2727; x_wconf 88' lang='lat' dir='ltr'><strong>propter</strong></span> <span class='ocrx_word' id='word_1_250' title='bbox 592 2665 651 2714; x_wconf 86' lang='lat' dir='ltr'><strong>vir·</strong></span> <span class='ocrx_word' id='word_1_251' title='bbox 694 2673 758 2717; x_wconf 90' lang='lat' dir='ltr'><strong>tuus</strong></span> <span class='ocrx_word' id='word_1_252' title='bbox 776 2673 827 2716; x_wconf 86' lang='lat' dir='ltr'><strong>est.</strong></span> 
     </span>
     <span class='ocr_line' id='line_1_30' title="bbox 131 2729 1246 2799; baseline -0.002 -16"><span class='ocrx_word' id='word_1_253' title='bbox 131 2733 280 2784; x_wconf 84' lang='grc'><strong>666661616</strong></span> <span class='ocrx_word' id='word_1_254' title='bbox 304 2734 453 2784; x_wconf 88' lang='grc'><strong>166666666</strong></span> <span class='ocrx_word' id='word_1_255' title='bbox 477 2747 557 2797; x_wconf 86' lang='lat' dir='ltr'><strong>quam</strong></span> <span class='ocrx_word' id='word_1_256' title='bbox 582 2735 652 2799; x_wconf 86' lang='grc'><strong>6666</strong></span> <span class='ocrx_word' id='word_1_257' title='bbox 744 2735 852 2788; x_wconf 82' lang='lat' dir='ltr'><strong>Gnaeus</strong></span> <span class='ocrx_word' id='word_1_258' title='bbox 865 2729 1022 2795; x_wconf 85' lang='lat' dir='ltr'><strong>Pompeius]</strong></span> <span class='ocrx_word' id='word_1_259' title='bbox 1039 2729 1217 2794; x_wconf 72' lang='grc'><strong>616166166-</strong></span> <span class='ocrx_word' id='word_1_260' title='bbox 1242 2764 1246 2771; x_wconf 36' lang='lat' dir='ltr'>x</span> 
     </span>
     <span class='ocr_line' id='line_1_31' title="bbox 129 2801 1216 2866; baseline 0 -14"><span class='ocrx_word' id='word_1_261' title='bbox 129 2803 207 2853; x_wconf 83' lang='lat' dir='ltr'><strong>vitiis</strong></span> <span class='ocrx_word' id='word_1_262' title='bbox 220 2804 341 2854; x_wconf 83' lang='lat' dir='ltr'><strong>carebat.</strong></span> <span class='ocrx_word' id='word_1_263' title='bbox 369 2803 489 2854; x_wconf 76' lang='lat' dir='ltr'><strong>ofellius</strong></span> <span class='ocrx_word' id='word_1_264' title='bbox 502 2805 572 2866; x_wconf 85' lang='grc'><strong>6666</strong></span> <span class='ocrx_word' id='word_1_265' title='bbox 585 2816 653 2854; x_wconf 87' lang='lat' dir='ltr'><strong>con·</strong></span> <span class='ocrx_word' id='word_1_266' title='bbox 693 2802 891 2856; x_wconf 75' lang='grc'><strong>1661666661.</strong></span> <span class='ocrx_word' id='word_1_267' title='bbox 906 2801 1021 2853; x_wconf 74' lang='grc'><strong>1166616</strong></span> <span class='ocrx_word' id='word_1_268' title='bbox 1039 2808 1216 2864; x_wconf 84' lang='lat' dir='ltr'><strong>propraetore</strong></span> 
     </span>
     <span class='ocr_line' id='line_1_32' title="bbox 129 2867 1215 2940; baseline -0.002 -18"><span class='ocrx_word' id='word_1_269' title='bbox 129 2871 205 2940; x_wconf 81' lang='lat' dir='ltr'><strong>licit,</strong></span> <span class='ocrx_word' id='word_1_270' title='bbox 222 2887 281 2924; x_wconf 82' lang='lat' dir='ltr'><strong>nort</strong></span> <span class='ocrx_word' id='word_1_271' title='bbox 297 2874 359 2924; x_wconf 86' lang='lat' dir='ltr'><strong>tom</strong></span> <span class='ocrx_word' id='word_1_272' title='bbox 374 2886 434 2923; x_wconf 83' lang='lat' dir='ltr'><strong>non</strong></span> <span class='ocrx_word' id='word_1_273' title='bbox 450 2872 600 2925; x_wconf 80' lang='lat' dir='ltr'><strong>vendibilia</strong></span> <span class='ocrx_word' id='word_1_274' title='bbox 617 2874 651 2932; x_wconf 85' lang='lat' dir='ltr'><strong>(i.</strong></span> <span class='ocrx_word' id='word_1_275' title='bbox 694 2874 722 2924; x_wconf 90' lang='lat' dir='ltr'><strong>in</strong></span> <span class='ocrx_word' id='word_1_276' title='bbox 735 2873 862 2926; x_wconf 79' lang='lat' dir='ltr'><strong>Sardinia</strong></span> <span class='ocrx_word' id='word_1_277' title='bbox 874 2878 1001 2937; x_wconf 83' lang='lat' dir='ltr'><strong>quaestor</strong></span> <span class='ocrx_word' id='word_1_278' title='bbox 1015 2883 1040 2923; x_wconf 92' lang='lat' dir='ltr'><strong>a.</strong></span> <span class='ocrx_word' id='word_1_279' title='bbox 1053 2867 1114 2920; x_wconf 75' lang='grc'><strong>649.</strong></span> <span class='ocrx_word' id='word_1_280' title='bbox 1132 2882 1215 2933; x_wconf 88' lang='lat' dir='ltr'><strong>prae-</strong></span> 
     </span>
    </p>
   </div>
   <div class='ocr_carea' id='block_1_4' title="bbox 129 2938 1316 3008">
    <p class='ocr_par' dir='ltr' id='par_1_5' title="bbox 129 2938 1316 3008">
     <span class='ocr_line' id='line_1_33' title="bbox 129 2938 1316 3008; baseline -0.001 -16"><span class='ocrx_word' id='word_1_281' title='bbox 129 2955 154 2992; x_wconf 91' lang='lat' dir='ltr'><strong>e.</strong></span> <span class='ocrx_word' id='word_1_282' title='bbox 174 2951 233 2994; x_wconf 88' lang='lat' dir='ltr'><strong>erat</strong></span> <span class='ocrx_word' id='word_1_283' title='bbox 252 2943 359 3008; x_wconf 86' lang='lat' dir='ltr'><strong>quidem</strong></span> <span class='ocrx_word' id='word_1_284' title='bbox 382 2942 527 2992; x_wconf 85' lang='lat' dir='ltr'><strong>vendibilis</strong></span> <span class='ocrx_word' id='word_1_285' title='bbox 549 2950 577 2993; x_wconf 91' lang='lat' dir='ltr'><strong>et</strong></span> <span class='ocrx_word' id='word_1_286' title='bbox 601 2945 652 2994; x_wconf 89' lang='lat' dir='ltr'><strong>ad·</strong></span> <span class='ocrx_word' id='word_1_287' title='bbox 695 2950 738 2992; x_wconf 87' lang='lat' dir='ltr'><strong>tor</strong></span> <span class='ocrx_word' id='word_1_288' title='bbox 751 2957 776 2996; x_wconf 85' lang='lat' dir='ltr'><strong>a.</strong></span> <span class='ocrx_word' id='word_1_289' title='bbox 791 2944 851 2993; x_wconf 88' lang='grc'><strong>660.</strong></span> <span class='ocrx_word' id='word_1_290' title='bbox 876 2948 1035 3006; x_wconf 85' lang='lat' dir='ltr'><strong>propraetor</strong></span> <span class='ocrx_word' id='word_1_291' title='bbox 1053 2938 1164 2991; x_wconf 85' lang='lat' dir='ltr'><strong>Siciliae</strong></span> <span class='ocrx_word' id='word_1_292' title='bbox 1185 2951 1213 2991; x_wconf 79' lang='lat' dir='ltr'><strong>a·</strong></span> <span class='ocrx_word' id='word_1_293' title='bbox 1312 2972 1316 2979; x_wconf 86' lang='lat'><em>-</em></span> 
     </span>
    </p>
   </div>
   <div class='ocr_carea' id='block_1_5' title="bbox 70 3007 1292 4191">
    <p class='ocr_par' dir='ltr' id='par_1_6' title="bbox 70 3007 1292 3498">
     <span class='ocr_line' id='line_1_34' title="bbox 127 3007 1212 3076; baseline -0.003 -13"><span class='ocrx_word' id='word_1_294' title='bbox 127 3013 235 3063; x_wconf 89' lang='lat' dir='ltr'><strong>modum</strong></span> <span class='ocrx_word' id='word_1_295' title='bbox 251 3012 400 3076; x_wconf 85' lang='lat' dir='ltr'><strong>probabilis</strong></span> <span class='ocrx_word' id='word_1_296' title='bbox 418 3018 524 3076; x_wconf 85' lang='lat' dir='ltr'><strong>orator,</strong></span> <span class='ocrx_word' id='word_1_297' title='bbox 542 3014 592 3063; x_wconf 87' lang='grc'><strong>666</strong></span> <span class='ocrx_word' id='word_1_298' title='bbox 605 3019 651 3064; x_wconf 90' lang='lat' dir='ltr'><strong>ta·</strong></span> <span class='ocrx_word' id='word_1_299' title='bbox 694 3014 756 3064; x_wconf 89' lang='grc'><strong>661.</strong></span> <span class='ocrx_word' id='word_1_300' title='bbox 775 3012 870 3066; x_wconf 87' lang='lat' dir='ltr'><strong>consui</strong></span> <span class='ocrx_word' id='word_1_301' title='bbox 889 3024 916 3062; x_wconf 88' lang='lat' dir='ltr'><strong>a.</strong></span> <span class='ocrx_word' id='word_1_302' title='bbox 930 3008 992 3060; x_wconf 83' lang='grc'><strong>665.</strong></span> <span class='ocrx_word' id='word_1_303' title='bbox 1009 3007 1212 3060; x_wconf 78' lang='grc'><strong>6611611666166</strong></span> 
     </span>
     <span class='ocr_line' id='line_1_35' title="bbox 126 3079 1213 3146; baseline -0.005 -12"><span class='ocrx_word' id='word_1_304' title='bbox 126 3093 189 3134; x_wconf 86' lang='lat' dir='ltr'><strong>men</strong></span> <span class='ocrx_word' id='word_1_305' title='bbox 208 3083 302 3132; x_wconf 87' lang='lat' dir='ltr'><strong>neseio</strong></span> <span class='ocrx_word' id='word_1_306' title='bbox 320 3082 382 3144; x_wconf 89' lang='lat' dir='ltr'><strong>qnid</strong></span> <span class='ocrx_word' id='word_1_307' title='bbox 399 3082 433 3130; x_wconf 90' lang='lat' dir='ltr'><strong>ad</strong></span> <span class='ocrx_word' id='word_1_308' title='bbox 455 3082 650 3144; x_wconf 83' lang='lat' dir='ltr'><strong>perlectionem</strong></span> <span class='ocrx_word' id='word_1_309' title='bbox 691 3083 759 3132; x_wconf 91' lang='lat' dir='ltr'><strong>bene</strong></span> <span class='ocrx_word' id='word_1_310' title='bbox 790 3095 820 3132; x_wconf 91' lang='lat' dir='ltr'><strong>re</strong></span> <span class='ocrx_word' id='word_1_311' title='bbox 853 3087 932 3146; x_wconf 78' lang='lat' dir='ltr'><strong>gesta</strong></span> <span class='ocrx_word' id='word_1_312' title='bbox 955 3085 982 3128; x_wconf 89' lang='grc'><strong>66</strong></span> <span class='ocrx_word' id='word_1_313' title='bbox 1006 3079 1109 3131; x_wconf 79' lang='lat' dir='ltr'><strong>Asculo</strong></span> <span class='ocrx_word' id='word_1_314' title='bbox 1132 3084 1213 3140; x_wconf 85' lang='lat' dir='ltr'><strong>capto</strong></span> 
     </span>
     <span class='ocr_line' id='line_1_36' title="bbox 128 3147 1292 3216; baseline -0.001 -17"><span class='ocrx_word' id='word_1_315' title='bbox 128 3151 155 3200; x_wconf 91' lang='lat' dir='ltr'><strong>ei</strong></span> <span class='ocrx_word' id='word_1_316' title='bbox 168 3153 292 3216; x_wconf 79' lang='lat' dir='ltr'><strong>deerat),</strong></span> <span class='ocrx_word' id='word_1_317' title='bbox 315 3152 381 3202; x_wconf 88' lang='lat' dir='ltr'><strong>haec</strong></span> <span class='ocrx_word' id='word_1_318' title='bbox 400 3151 558 3201; x_wconf 88' lang='lat' dir='ltr'><strong>coniectura</strong></span> <span class='ocrx_word' id='word_1_319' title='bbox 571 3151 649 3200; x_wconf 87' lang='lat' dir='ltr'><strong>vide·</strong></span> <span class='ocrx_word' id='word_1_320' title='bbox 691 3147 1211 3216; x_wconf 62' lang='grc'><strong>(6161611164.)661166661666661661-</strong></span> <span class='ocrx_word' id='word_1_321' title='bbox 1286 3149 1292 3163; x_wconf 65' lang='lat'>‘</span> 
     </span>
     <span class='ocr_line' id='line_1_37' title="bbox 127 3216 1211 3287; baseline -0.004 -16"><span class='ocrx_word' id='word_1_322' title='bbox 127 3227 172 3271; x_wconf 88' lang='lat' dir='ltr'><strong>tur</strong></span> <span class='ocrx_word' id='word_1_323' title='bbox 199 3220 234 3270; x_wconf 90' lang='grc'><strong>116</strong></span> <span class='ocrx_word' id='word_1_324' title='bbox 261 3233 330 3284; x_wconf 87' lang='grc'><strong>6666</strong></span> <span class='ocrx_word' id='word_1_325' title='bbox 355 3227 503 3283; x_wconf 87' lang='lat' dir='ltr'><strong>sequnntur</strong></span> <span class='ocrx_word' id='word_1_326' title='bbox 530 3221 648 3282; x_wconf 88' lang='lat' dir='ltr'><strong>probari.</strong></span> <span class='ocrx_word' id='word_1_327' title='bbox 690 3220 794 3284; x_wconf 85' lang='lat' dir='ltr'><strong>piavit.</strong></span> <span class='ocrx_word' id='word_1_328' title='bbox 818 3221 854 3272; x_wconf 85' lang='lat' dir='ltr'><strong>V.</strong></span> <span class='ocrx_word' id='word_1_329' title='bbox 867 3219 979 3287; x_wconf 81' lang='lat' dir='ltr'><strong>Pighius</strong></span> <span class='ocrx_word' id='word_1_330' title='bbox 996 3217 1028 3269; x_wconf 71' lang='grc'><strong>1.</strong></span> <span class='ocrx_word' id='word_1_331' title='bbox 1041 3217 1092 3268; x_wconf 92' lang='grc'><strong>111.</strong></span> <span class='ocrx_word' id='word_1_332' title='bbox 1108 3231 1135 3281; x_wconf 88' lang='lat' dir='ltr'><strong>p.</strong></span> <span class='ocrx_word' id='word_1_333' title='bbox 1148 3216 1211 3269; x_wconf 74' lang='lat'><strong>23⁰.</strong></span> 
     </span>
     <span class='ocr_line' id='line_1_38' title="bbox 127 3285 1211 3353; baseline -0.001 -14"><span class='ocrx_word' id='word_1_334' title='bbox 127 3289 225 3349; x_wconf 84' lang='lat' dir='ltr'><strong>[Miror</strong></span> <span class='ocrx_word' id='word_1_335' title='bbox 242 3296 332 3341; x_wconf 88' lang='lat' dir='ltr'><strong>tamen</strong></span> <span class='ocrx_word' id='word_1_336' title='bbox 349 3297 377 3339; x_wconf 89' lang='lat' dir='ltr'><strong>et</strong></span> <span class='ocrx_word' id='word_1_337' title='bbox 389 3290 550 3340; x_wconf 86' lang='lat' dir='ltr'><strong>relationem</strong></span> <span class='ocrx_word' id='word_1_338' title='bbox 561 3303 648 3340; x_wconf 89' lang='lat' dir='ltr'><strong>mem·</strong></span> <span class='ocrx_word' id='word_1_339' title='bbox 691 3289 813 3352; x_wconf 86' lang='lat' dir='ltr'><strong>Pompeii</strong></span> <span class='ocrx_word' id='word_1_340' title='bbox 831 3289 923 3353; x_wconf 88' lang='lat' dir='ltr'><strong>Magni</strong></span> <span class='ocrx_word' id='word_1_341' title='bbox 942 3295 1037 3352; x_wconf 83' lang='lat' dir='ltr'><strong>pater:</strong></span> <span class='ocrx_word' id='word_1_342' title='bbox 1063 3285 1112 3351; x_wconf 83' lang='lat' dir='ltr'><strong>qul·</strong></span> <span class='ocrx_word' id='word_1_343' title='bbox 1129 3298 1211 3351; x_wconf 87' lang='lat' dir='ltr'><strong>quam</strong></span> 
     </span>
     <span class='ocr_line' id='line_1_39' title="bbox 124 3355 1210 3426; baseline -0.001 -17"><span class='ocrx_word' id='word_1_344' title='bbox 124 3359 232 3410; x_wconf 89' lang='lat' dir='ltr'><strong>brorum</strong></span> <span class='ocrx_word' id='word_1_345' title='bbox 245 3371 340 3421; x_wconf 86' lang='lat' dir='ltr'><strong>pamm</strong></span> <span class='ocrx_word' id='word_1_346' title='bbox 353 3359 538 3426; x_wconf 80' lang='lat' dir='ltr'><strong>aequabilem,</strong></span> <span class='ocrx_word' id='word_1_347' title='bbox 552 3359 582 3410; x_wconf 92' lang='lat' dir='ltr'><strong>in</strong></span> <span class='ocrx_word' id='word_1_348' title='bbox 595 3372 648 3422; x_wconf 90' lang='lat' dir='ltr'><strong>qua</strong></span> <span class='ocrx_word' id='word_1_349' title='bbox 688 3358 797 3409; x_wconf 89' lang='lat' dir='ltr'><strong>invisus</strong></span> <span class='ocrx_word' id='word_1_350' title='bbox 810 3359 882 3422; x_wconf 88' lang='lat' dir='ltr'><strong>plebi</strong></span> <span class='ocrx_word' id='word_1_351' title='bbox 895 3358 988 3425; x_wconf 84' lang='lat' dir='ltr'><strong>tuerit,</strong></span> <span class='ocrx_word' id='word_1_352' title='bbox 1003 3356 1167 3408; x_wconf 82' lang='lat' dir='ltr'><strong>Plutarchus</strong></span> <span class='ocrx_word' id='word_1_353' title='bbox 1179 3355 1210 3408; x_wconf 88' lang='lat' dir='ltr'><strong>iu</strong></span> 
     </span>
     <span class='ocr_line' id='line_1_40' title="bbox 70 3426 1139 3498; baseline -0.004 -19"><span class='ocrx_word' id='word_1_354' title='bbox 70 3487 76 3498; x_wconf 31' lang='lat'><strong><em>³</em></strong></span> <span class='ocrx_word' id='word_1_355' title='bbox 125 3429 277 3479; x_wconf 91' lang='lat' dir='ltr'><strong>coniunctio</strong></span> <span class='ocrx_word' id='word_1_356' title='bbox 300 3429 335 3478; x_wconf 89' lang='grc'><strong>66</strong></span> <span class='ocrx_word' id='word_1_357' title='bbox 358 3429 502 3479; x_wconf 85' lang='lat' dir='ltr'><strong>nonsatis</strong></span> <span class='ocrx_word' id='word_1_358' title='bbox 532 3430 645 3490; x_wconf 90' lang='lat' dir='ltr'><strong>quadret</strong></span> <span class='ocrx_word' id='word_1_359' title='bbox 685 3427 763 3480; x_wconf 91' lang='grc'><strong>111166</strong></span> <span class='ocrx_word' id='word_1_360' title='bbox 775 3429 836 3481; x_wconf 87' lang='lat' dir='ltr'><strong>vita</strong></span> <span class='ocrx_word' id='word_1_361' title='bbox 848 3428 899 3477; x_wconf 88' lang='lat' dir='ltr'><strong>sub</strong></span> <span class='ocrx_word' id='word_1_362' title='bbox 910 3426 996 3489; x_wconf 86' lang='lat' dir='ltr'><strong>princ.</strong></span> <span class='ocrx_word' id='word_1_363' title='bbox 1008 3426 1139 3478; x_wconf 81' lang='lat' dir='ltr'><strong>declarat.</strong></span> 
     </span>
    </p>

    <p class='ocr_par' dir='ltr' id='par_1_7' title="bbox 119 3495 1209 3978">
     <span class='ocr_line' id='line_1_41' title="bbox 123 3495 1209 3564; baseline -0.001 -17"><span class='ocrx_word' id='word_1_364' title='bbox 123 3496 153 3547; x_wconf 92' lang='lat' dir='ltr'><strong>in</strong></span> <span class='ocrx_word' id='word_1_365' title='bbox 169 3499 334 3551; x_wconf 84' lang='lat' dir='ltr'><strong>adieetivum</strong></span> <span class='ocrx_word' id='word_1_366' title='bbox 350 3496 592 3564; x_wconf 70' lang='lat' dir='ltr'><strong>contemtibilis,</strong></span> <span class='ocrx_word' id='word_1_367' title='bbox 616 3504 645 3548; x_wconf 89' lang='lat' dir='ltr'><strong>et</strong></span> <span class='ocrx_word' id='word_1_368' title='bbox 739 3497 814 3549; x_wconf 81' lang='lat' dir='ltr'><strong>Sexti</strong></span> <span class='ocrx_word' id='word_1_369' title='bbox 839 3497 928 3559; x_wconf 86' lang='lat' dir='ltr'><strong>filius]</strong></span> <span class='ocrx_word' id='word_1_370' title='bbox 956 3497 1041 3561; x_wconf 81' lang='lat' dir='ltr'><strong>Quem</strong></span> <span class='ocrx_word' id='word_1_371' title='bbox 1066 3495 1159 3561; x_wconf 71' lang='lat' dir='ltr'><strong>attigit</strong></span> <span class='ocrx_word' id='word_1_372' title='bbox 1180 3505 1209 3553; x_wconf 88' lang='grc'><strong>6.</strong></span> 
     </span>
     <span class='ocr_line' id='line_1_42' title="bbox 124 3563 800 3636; baseline 0 -19"><span class='ocrx_word' id='word_1_373' title='bbox 124 3567 255 3631; x_wconf 81' lang='lat' dir='ltr'><strong>ambages</strong></span> <span class='ocrx_word' id='word_1_374' title='bbox 277 3566 421 3629; x_wconf 85' lang='lat' dir='ltr'><strong>orationis,</strong></span> <span class='ocrx_word' id='word_1_375' title='bbox 448 3567 545 3631; x_wconf 87' lang='grc'><strong>661666</strong></span> <span class='ocrx_word' id='word_1_376' title='bbox 569 3567 644 3617; x_wconf 84' lang='lat' dir='ltr'><strong>vali·</strong></span> <span class='ocrx_word' id='word_1_377' title='bbox 686 3563 736 3636; x_wconf 77' lang='grc'><strong>25,</strong></span> <span class='ocrx_word' id='word_1_378' title='bbox 755 3569 800 3620; x_wconf 82' lang='grc'><strong>97.</strong></span> 
     </span>
     <span class='ocr_line' id='line_1_43' title="bbox 123 3632 1206 3700; baseline -0.003 -15"><span class='ocrx_word' id='word_1_379' title='bbox 123 3637 187 3686; x_wconf 89' lang='lat' dir='ltr'><strong>dum</strong></span> <span class='ocrx_word' id='word_1_380' title='bbox 203 3649 237 3689; x_wconf 90' lang='lat' dir='ltr'><strong>ae</strong></span> <span class='ocrx_word' id='word_1_381' title='bbox 251 3637 424 3700; x_wconf 88' lang='lat' dir='ltr'><strong>perspicuum</strong></span> <span class='ocrx_word' id='word_1_382' title='bbox 438 3648 547 3686; x_wconf 85' lang='lat' dir='ltr'><strong>sensnm</strong></span> <span class='ocrx_word' id='word_1_383' title='bbox 560 3648 644 3698; x_wconf 87' lang='lat' dir='ltr'><strong>prae-</strong></span> <span class='ocrx_word' id='word_1_384' title='bbox 737 3650 800 3688; x_wconf 89' lang='lat' dir='ltr'><strong>nam</strong></span> <span class='ocrx_word' id='word_1_385' title='bbox 812 3637 925 3697; x_wconf 79' lang='lat' dir='ltr'><strong>Sextus]</strong></span> <span class='ocrx_word' id='word_1_386' title='bbox 942 3632 1070 3700; x_wconf 81' lang='lat' dir='ltr'><strong>Explicat</strong></span> <span class='ocrx_word' id='word_1_387' title='bbox 1080 3632 1206 3685; x_wconf 65' lang='grc'><strong>666866-</strong></span> 
     </span>
     <span class='ocr_line' id='line_1_44' title="bbox 121 3703 1205 3768; baseline -0.003 -14"><span class='ocrx_word' id='word_1_388' title='bbox 121 3705 199 3756; x_wconf 81' lang='lat' dir='ltr'><strong>tero:</strong></span> <span class='ocrx_word' id='word_1_389' title='bbox 226 3706 315 3758; x_wconf 87' lang='lat' dir='ltr'><strong>minor</strong></span> <span class='ocrx_word' id='word_1_390' title='bbox 338 3704 421 3754; x_wconf 79' lang='lat' dir='ltr'><strong>Gellii</strong></span> <span class='ocrx_word' id='word_1_391' title='bbox 437 3705 491 3754; x_wconf 85' lang='lat' dir='ltr'><strong>luit</strong></span> <span class='ocrx_word' id='word_1_392' title='bbox 507 3703 597 3768; x_wconf 87' lang='lat' dir='ltr'><strong>gratia</strong></span> <span class='ocrx_word' id='word_1_393' title='bbox 613 3712 642 3755; x_wconf 91' lang='lat' dir='ltr'><strong>et</strong></span> <span class='ocrx_word' id='word_1_394' title='bbox 685 3712 730 3756; x_wconf 84' lang='grc'><strong>666</strong></span> <span class='ocrx_word' id='word_1_395' title='bbox 747 3706 776 3757; x_wconf 91' lang='grc'><strong>16</strong></span> <span class='ocrx_word' id='word_1_396' title='bbox 792 3713 930 3758; x_wconf 82' lang='lat' dir='ltr'><strong>oratorum</strong></span> <span class='ocrx_word' id='word_1_397' title='bbox 947 3714 1059 3760; x_wconf 86' lang='lat' dir='ltr'><strong>numero</strong></span> <span class='ocrx_word' id='word_1_398' title='bbox 1076 3703 1112 3753; x_wconf 89' lang='grc'><strong>616</strong></span> <span class='ocrx_word' id='word_1_399' title='bbox 1122 3713 1205 3765; x_wconf 88' lang='lat' dir='ltr'><strong>prae·</strong></span> 
     </span>
     <span class='ocr_line' id='line_1_45' title="bbox 122 3770 1205 3836; baseline -0.006 -12"><span class='ocrx_word' id='word_1_400' title='bbox 122 3774 286 3827; x_wconf 83' lang='lat' dir='ltr'><strong>existimatio</strong></span> <span class='ocrx_word' id='word_1_401' title='bbox 308 3787 388 3836; x_wconf 86' lang='lat' dir='ltr'><strong>qnam</strong></span> <span class='ocrx_word' id='word_1_402' title='bbox 412 3785 460 3836; x_wconf 92' lang='lat' dir='ltr'><strong>pro</strong></span> <span class='ocrx_word' id='word_1_403' title='bbox 483 3773 589 3824; x_wconf 86' lang='lat' dir='ltr'><strong>dotibus</strong></span> <span class='ocrx_word' id='word_1_404' title='bbox 612 3781 642 3825; x_wconf 95' lang='lat' dir='ltr'><strong>et</strong></span> <span class='ocrx_word' id='word_1_405' title='bbox 684 3776 846 3827; x_wconf 85' lang='lat' dir='ltr'><strong>terenndus:</strong></span> <span class='ocrx_word' id='word_1_406' title='bbox 869 3777 968 3828; x_wconf 72' lang='grc'><strong>866666</strong></span> <span class='ocrx_word' id='word_1_407' title='bbox 981 3770 1074 3827; x_wconf 81' lang='grc' dir='ltr'><strong>166666Ι</strong></span> <span class='ocrx_word' id='word_1_408' title='bbox 1083 3772 1142 3821; x_wconf 85' lang='grc'><strong>6166</strong></span> <span class='ocrx_word' id='word_1_409' title='bbox 1154 3770 1205 3820; x_wconf 88' lang='grc'><strong>66-</strong></span> 
     </span>
     <span class='ocr_line' id='line_1_46' title="bbox 119 3836 1204 3908; baseline -0.006 -15"><span class='ocrx_word' id='word_1_410' title='bbox 119 3845 266 3905; x_wconf 84' lang='lat' dir='ltr'><strong>praesidiis</strong></span> <span class='ocrx_word' id='word_1_411' title='bbox 277 3844 318 3895; x_wconf 90' lang='lat' dir='ltr'><strong>rei</strong></span> <span class='ocrx_word' id='word_1_412' title='bbox 333 3846 399 3895; x_wconf 89' lang='lat' dir='ltr'><strong>bene</strong></span> <span class='ocrx_word' id='word_1_413' title='bbox 412 3845 555 3906; x_wconf 83' lang='lat' dir='ltr'><strong>gerendae,</strong></span> <span class='ocrx_word' id='word_1_414' title='bbox 571 3853 641 3905; x_wconf 87' lang='grc'><strong>6666</strong></span> <span class='ocrx_word' id='word_1_415' title='bbox 683 3847 810 3897; x_wconf 84' lang='lat' dir='ltr'><strong>horrebat</strong></span> <span class='ocrx_word' id='word_1_416' title='bbox 823 3846 857 3896; x_wconf 89' lang='lat' dir='ltr'><strong>ab</strong></span> <span class='ocrx_word' id='word_1_417' title='bbox 871 3845 1032 3908; x_wconf 89' lang='lat' dir='ltr'><strong>eloquentia,</strong></span> <span class='ocrx_word' id='word_1_418' title='bbox 1048 3841 1146 3905; x_wconf 88' lang='lat' dir='ltr'><strong>quippe</strong></span> <span class='ocrx_word' id='word_1_419' title='bbox 1158 3836 1204 3903; x_wconf 86' lang='grc'><strong>661</strong></span> 
     </span>
     <span class='ocr_line' id='line_1_47' title="bbox 119 3909 1204 3978; baseline -0.006 -14"><span class='ocrx_word' id='word_1_420' title='bbox 119 3925 199 3964; x_wconf 88' lang='lat' dir='ltr'><strong>nemo</strong></span> <span class='ocrx_word' id='word_1_421' title='bbox 215 3927 269 3965; x_wconf 94' lang='lat' dir='ltr'><strong>non</strong></span> <span class='ocrx_word' id='word_1_422' title='bbox 288 3914 317 3964; x_wconf 89' lang='grc'><strong>16</strong></span> <span class='ocrx_word' id='word_1_423' title='bbox 333 3926 366 3963; x_wconf 90' lang='grc'><strong>66</strong></span> <span class='ocrx_word' id='word_1_424' title='bbox 383 3913 571 3978; x_wconf 83' lang='lat' dir='ltr'><strong>agnoscebat]</strong></span> <span class='ocrx_word' id='word_1_425' title='bbox 681 3914 820 3978; x_wconf 78' lang='lat' dir='ltr'><strong>ingenium</strong></span> <span class='ocrx_word' id='word_1_426' title='bbox 845 3915 880 3967; x_wconf 87' lang='lat' dir='ltr'><strong>ad</strong></span> <span class='ocrx_word' id='word_1_427' title='bbox 903 3915 948 3966; x_wconf 90' lang='lat' dir='ltr'><strong>ius</strong></span> <span class='ocrx_word' id='word_1_428' title='bbox 965 3922 993 3964; x_wconf 89' lang='lat' dir='ltr'><strong>et</strong></span> <span class='ocrx_word' id='word_1_429' title='bbox 1009 3909 1204 3974; x_wconf 85' lang='lat' dir='ltr'><strong>philosophiam</strong></span> 
     </span>
    </p>

    <p class='ocr_par' dir='ltr' id='par_1_8' title="bbox 84 3977 1238 4191">
     <span class='ocr_line' id='line_1_48' title="bbox 171 3977 1203 4052; baseline -0.007 -17"><span class='ocrx_word' id='word_1_430' title='bbox 171 3983 432 4048; x_wconf 80' lang='lat' dir='ltr'><strong>adexeogitandum]</strong></span> <span class='ocrx_word' id='word_1_431' title='bbox 447 3983 490 4032; x_wconf 83' lang='lat' dir='ltr'><strong>nd</strong></span> <span class='ocrx_word' id='word_1_432' title='bbox 499 3977 641 4033; x_wconf 87' lang='lat' dir='ltr'><strong>invenien-</strong></span> <span class='ocrx_word' id='word_1_433' title='bbox 683 3985 859 4052; x_wconf 73' lang='lat' dir='ltr'><strong>concidisset,</strong></span> <span class='ocrx_word' id='word_1_434' title='bbox 875 3996 909 4035; x_wconf 88' lang='grc'><strong>66</strong></span> <span class='ocrx_word' id='word_1_435' title='bbox 923 3984 1081 4036; x_wconf 86' lang='lat' dir='ltr'><strong>laudaretur</strong></span> <span class='ocrx_word' id='word_1_436' title='bbox 1094 3979 1128 4029; x_wconf 92' lang='grc'><strong>66</strong></span> <span class='ocrx_word' id='word_1_437' title='bbox 1143 3984 1203 4028; x_wconf 83' lang='grc'><strong>666·</strong></span> 
     </span>
     <span class='ocr_line' id='line_1_49' title="bbox 118 4045 1202 4118; baseline -0.004 -17"><span class='ocrx_word' id='word_1_438' title='bbox 118 4051 192 4103; x_wconf 88' lang='lat' dir='ltr'><strong>dum.</strong></span> <span class='ocrx_word' id='word_1_439' title='bbox 220 4053 344 4104; x_wconf 87' lang='lat' dir='ltr'><strong>Iuventio</strong></span> <span class='ocrx_word' id='word_1_440' title='bbox 357 4053 428 4104; x_wconf 91' lang='lat' dir='ltr'><strong>enim</strong></span> <span class='ocrx_word' id='word_1_441' title='bbox 444 4052 641 4114; x_wconf 77' lang='lat' dir='ltr'><strong>estexcogita·</strong></span> <span class='ocrx_word' id='word_1_442' title='bbox 683 4054 730 4105; x_wconf 89' lang='lat' dir='ltr'><strong>dia</strong></span> <span class='ocrx_word' id='word_1_443' title='bbox 744 4052 917 4118; x_wconf 83' lang='lat' dir='ltr'><strong>geometriae.</strong></span> <span class='ocrx_word' id='word_1_444' title='bbox 937 4054 974 4104; x_wconf 86' lang='lat' dir='ltr'><strong>V·</strong></span> <span class='ocrx_word' id='word_1_445' title='bbox 987 4052 1021 4101; x_wconf 88' lang='lat' dir='ltr'><strong>de</strong></span> <span class='ocrx_word' id='word_1_446' title='bbox 1035 4049 1111 4099; x_wconf 81' lang='lat' dir='ltr'><strong>Oret.</strong></span> <span class='ocrx_word' id='word_1_447' title='bbox 1126 4045 1202 4116; x_wconf 82' lang='lat'>1,15,</span> 
     </span>
     <span class='ocr_line' id='line_1_50' title="bbox 84 4117 1238 4191; baseline -0.006 -18"><span class='ocrx_word' id='word_1_448' title='bbox 84 4128 89 4134; x_wconf 84' lang='lat'><strong>·</strong></span> <span class='ocrx_word' id='word_1_449' title='bbox 119 4119 158 4173; x_wconf 85' lang='lat' dir='ltr'><strong>tio</strong></span> <span class='ocrx_word' id='word_1_450' title='bbox 177 4134 270 4177; x_wconf 84' lang='lat' dir='ltr'><strong>rorum</strong></span> <span class='ocrx_word' id='word_1_451' title='bbox 290 4135 418 4177; x_wconf 83' lang='lat' dir='ltr'><strong>verarum</strong></span> <span class='ocrx_word' id='word_1_452' title='bbox 437 4121 641 4175; x_wconf 73' lang='grc' dir='ltr'><strong>6666661616ιί-</strong></span> <span class='ocrx_word' id='word_1_453' title='bbox 682 4125 728 4178; x_wconf 89' lang='grc'><strong>67.</strong></span> <span class='ocrx_word' id='word_1_454' title='bbox 752 4123 872 4191; x_wconf 81' lang='grc'><strong>016161,</strong></span> <span class='ocrx_word' id='word_1_455' title='bbox 888 4125 917 4191; x_wconf 90' lang='grc'><strong>6,</strong></span> <span class='ocrx_word' id='word_1_456' title='bbox 933 4124 976 4175; x_wconf 80' lang='grc'><strong>69.</strong></span> <span class='ocrx_word' id='word_1_457' title='bbox 999 4117 1203 4182; x_wconf 61' lang='grc'><strong>116666616666</strong></span> <span class='ocrx_word' id='word_1_458' title='bbox 1236 4176 1238 4181; x_wconf 41' lang='grc'>,</span> 
     </span>
    </p>
   </div>
   <div class='ocr_carea' id='block_1_6' title="bbox 0 0 1342 4748">
    <p class='ocr_par' dir='ltr' id='par_1_9' title="bbox 0 0 1342 4748">
     <span class='ocr_line' id='line_1_51' title="bbox 0 0 1342 4748; baseline 0 11"><span class='ocrx_word' id='word_1_459' title='bbox 0 0 1342 4748; x_wconf 95' lang='lat' dir='ltr'><strong> </strong></span> 
     </span>
    </p>
   </div>
  </div>
 </body>
</html>
