2676 4748
129 323 153 389 2
374 269 386 376 Ῐ
520 314 859 392 rutenensem.¹

132 511 212 590 piam
232 508 404 591 divitiasque
424 507 587 574 detererem
607 508 809 589 Romanarum
837 531 1018 593 cognoscere
1043 515 1149 582 melios
1176 493 1213 580 ac

15 690 20 698 Ι
132 615 299 696 perspicere
314 612 473 694 possimus.
513 613 728 691 Enumerantur
749 615 813 678 fere
832 616 948 678 ducenti
966 626 1116 684 oratoresr
1142 638 1214 699 qno·
1247 645 1250 651 ·

132 740 197 800 rum
218 717 287 781 licet
305 716 388 778 multi
405 737 460 780 nec
479 735 618 799 magnam
637 718 736 798 adepti
749 717 808 781 sint
821 717 938 780 laudem
949 739 1003 782 neo
1018 722 1128 802 scripta
1142 722 1214 785 reli-

133 822 263 902 querint,
288 820 355 899 ipse
374 824 472 882 tamen
494 839 593 882 eorum
610 816 763 895 multitude
785 823 887 901 docet,
912 831 1089 903 quantopere
1102 825 1134 887 in
1149 826 1213 889 elo-

132 915 265 1006 quentiae
279 924 403 986 studium
414 923 599 986 incubuerint
611 923 742 1000 iuvenes,
764 930 791 987 et
806 931 912 1003 quanto
923 925 1036 990 honore
1047 928 1130 1010 digni
1144 928 1212 992 fue-

100 1084 109 1101 ,
130 1028 192 1091 rint
208 1025 304 1090 ueniti·
320 1026 359 1106 ii,
380 1027 429 1106 qui
450 1032 581 1089 crateres
601 1035 766 1092 evaserunt.
814 1027 881 1089 Nisi
902 1027 980 1092 eninr
1000 1031 1131 1109 praemia
1150 1031 1212 1095 clo-

131 1129 265 1210 quentiae
282 1131 433 1209 proposita
452 1129 577 1193 fuissent
596 1128 743 1212 maxima,
769 1129 901 1210 proiecto
916 1136 976 1194 tam
990 1132 1074 1196 multi
1092 1153 1213 1214 operam

132 1237 159 1300 ei
174 1256 234 1299 non
248 1235 406 1298 dedissent.
990 1291 994 1307 ,

228 1339 265 1402 ln
284 1336 392 1400 Bruto
409 1335 613 1397 documentum
626 1333 704 1397 dedit
717 1331 895 1398 luculentum
911 1335 1030 1417 Cicero,
1057 1355 1144 1417 quam
1156 1360 1213 1426 ne-

130 1442 417 1517 rumll'eomanarum
437 1436 528 1501 fuerit
549 1436 677 1516 peritus,
704 1446 732 1500 et
752 1453 838 1517 quam
854 1438 1129 1517 praeclarelitteras
1145 1443 1212 1506 Ro-

128 1565 233 1610 monas
254 1544 377 1608 tenuerit
398 1559 554 1621 earumque
574 1541 714 1603 ambitum
734 1541 925 1622 perspexerit.
968 1541 1010 1604 *ld
1032 1563 1098 1607 cum
1119 1565 1157 1606 ex
1174 1545 1217 1607 eo'

118 1626 269 1730 apparet,
296 1647 373 1727 quod
395 1665 497 1709 eorum
516 1645 566 1725 qui
585 1644 730 1707 mentione
752 1645 869 1710 fuerunt
889 1647 990 1728 digni,
1010 1647 1211 1726 praetermisit

128 1755 192 1818 lere
212 1751 373 1831 neminem,
400 1756 460 1811 tum
481 1767 520 1812 cx
542 1747 658 1812 sincero
674 1747 900 1829 incorruptoque
914 1751 951 1810 tle
965 1749 1092 1830 singulis
1109 1758 1210 1829 crate-

127 1858 210 1922 ribus
230 1853 349 1918 iudicio.
389 1851 457 1915 Etsi
473 1852 550 1915 enim
568 1847 678 1914 tantem
698 1852 854 1916 dicentium
867 1853 1078 1916 multitudinem
1091 1872 1210 1917 enume-

126 1958 222 2038 rarit,
243 1957 275 2020 iu
285 1954 418 2038 singuiis
431 1954 565 2018 dmtinxit
579 1957 653 2018 adeo
668 1954 825 2036 diligenter
836 1963 980 2037 celetem,
1005 1956 1058 2021 cix
1070 1964 1103 2018 ut
1116 1952 1215 2020 semel
1250 2006 1251 2010 ,

127 2062 237 2127 erroris
249 2067 409 2142 arguetur,
428 2078 483 2120 neo
497 2057 720 2121 accuratissimo
734 2057 823 2120 iudici
837 2061 998 2142 continget,
1025 2060 1125 2139 plures
1144 2059 1211 2124 col-

124 2167 239 2248 ligere,
265 2161 399 2248 quumvis
417 2160 483 2240 ipse
505 2161 662 2230 nonnullos
678 2180 711 2224 se
730 2161 915 2243 ignoratione
926 2171 1056 2226 veterum
1070 2163 1208 2226 omisisse

124 2271 261 2334 focem.
301 2266 446 2348 Equidem
464 2274 560 2346 certe,
581 2254 631 2346 qui
647 2265 695 2328 his
710 2264 814 2328 studiis
827 2265 888 2328 iam
900 2268 1008 2330 dudum
1020 2285 1140 2347 operam
1154 2267 1208 2330 de·

124 2375 179 2456 li,.
191 2370 291 2439 sinin
305 2373 378 2435 duos
394 2377 492 2434 tresve
506 2369 597 2432 incidi
611 2376 757 2450 oratores,
776 2389 899 2450 quornm
914 2372 1018 2435 oblitus
1033 2378 1078 2434 est
1091 2371 1207 2452 Cicero,

123 2477 228 2559 quique
251 2454 525 2538 commemoratione
544 2471 630 2554 digni
648 2470 743 2536 inisse
764 2473 927 2560 rideantur.
968 2474 1009 2537 Ut
1027 2483 1123 2538 autem
1136 2496 1206 2540 vere

123 2582 161 2644 dc
180 2581 238 2644 luco
255 2579 330 2642 libne
341 2577 476 2642 iudicari
495 2575 604 2656 possit,
624 2575 727 2656 magni
738 2577 830 2640 refert
845 2578 939 2657 seire,
957 2599 994 2641 ex
1008 2567 1206 2661 quibusfon·

122 2681 207 2749 sitm
218 2680 521 2760 hauseritqniluusque
536 2698 608 2740 usus
624 2677 714 2741 inerit
729 2680 898 2742 auctoribus
912 2679 1028 2749 Cicero.
1067 2683 1131 2746 Nec
1145 2683 1207 2747 oir-

82 2820 88 2837 ‹
122 2786 201 2850 licite
221 2785 252 2847 id
272 2783 427 2861 explorare
446 2788 476 2844 et
494 2781 644 2860 cognitum
657 2782 785 2846 haberer
810 2781 909 2844 omnia
922 2783 1013 2864 enim,
1035 2802 1109 2863 quae
1123 2787 1205 2849 desi·
1248 2840 1251 2847 .

121 2891 280 2966 leromns,·
305 2885 371 2963 ipse
387 2882 555 2963 suppeditet
573 2885 657 2951 liber.
704 2884 783 2948 Nam
803 2892 922 2947 secutus
949 2893 994 2947 est
1021 2886 1203 2965 potissimum

105 2991 229 3058 ,librum
241 2987 377 3052 mndlem
391 2988 431 3053 Τ.
446 2986 601 3066 Pomponii
613 2987 717 3070 Attici,
742 2987 792 3069 qui
808 3006 868 3051 non
884 2987 1015 3052 ordinem
1030 2997 1141 3056 tontum
1153 3015 1209 3058 rc-·

120 3111 187 3159 rum
202 3100 358 3174 gestarum
375 3082 476 3170 populi
496 3090 624 3154 Romanii
640 3091 796 3172 explicuit,
826 3094 880 3156 sed
897 3091 978 3157 uiros
997 3113 1109 3174 quoque
1124 3097 1204 3160 cele-¹

119 3193 435 3261 lsrnmosmomoriae
446 3190 566 3256 tradidit
586 3213 740 3276 eorumque
757 3189 866 3276 ritem,
885 3215 1000 3276 mores,
1026 3197 1123 3279 fecte,
1143 3200 1205 3263 lio-c

120 3316 228 3378 nores,
256 3295 369 3377 studia,
399 3293 510 3376 scriptu
530 3307 701 3376 persecutns
724 3307 779 3367 e'st.
825 3300 938 3364 Deinde
956 3300 1088 3371 Annales
1104 3305 1203 3381 ponti-
1234 3324 1238 3330 ·

119 3402 225 3481 locun,
245 3401 296 3464 ubi
308 3401 345 3463 de
356 3399 562 3464 vetustissimis
575 3404 753 3484 temporibus
766 3404 911 3486 loquitur,
939 3404 1099 3481 consuluit3
1128 3427 1201 3488 por.

120 3526 156 3570 ro
169 3511 312 3569 auctores
322 3504 518 3577 ¹historicorum
538 3521 607 3584 eos,
635 3491 685 3586 qui
699 3506 847 3572 orationes
857 3516 1010 3574 oratorum
1024 3510 1156 3592 integras
1169 3513 1201 3577 in

118 3611 212 3676 libres
221 3627 297 3671 suos
311 3607 492 3671 rettulerunt.
532 3605 685 3685 Eiusmodi
695 3610 780 3677 fuere
793 3613 913 3678 Catonis
928 3612 1065 3696 Origines
1079 3620 1107 3678 et
1118 3615 1204 3679 Fan-¹

118 3714 162 3780 nii
182 3710 326 3779 tumtun.
365 3710 534 3791 Postremo,
560 3712 609 3792 qui
625 3722 688 3778 emt
701 3716 867 3782 uberrimus
880 3717 966 3798 fons,
992 3713 1200 3805 ipsasvorotio-

118 3814 315 3883 aesomnium
331 3821 480 3878 erutorum
493 3812 561 3878 inde
575 3819 613 3880 ub
628 3817 725 3900 Appio
736 3819 846 3903 Caeco,
862 3831 937 3903 quae
951 3820 1130 3903 medentur,
1150 3843 1199 3887 se·

107 3920 187 3984 'lule
207 3917 401 4001 conquisivit.⁴
430 3915 602 3984 Mirandum
615 3939 689 3986 sane
707 3930 818 3988 tantm
836 3915 1084 3988 emmenudsoe
1101 3925 1199 3991 multi-

34 4022 40 4032 '
116 4023 261 4087 tudineme
282 4042 320 4086 ex
333 4040 390 4103 quo
404 4012 564 4087 uerisimile
579 4023 629 4116 dt,
654 4025 806 4091 Romanos
815 4015 993 4108 'praesentim
1004 4034 1099 4093 aetate
1112 4028 1198 4094 Cico-

116 4127 203 4190 rouis
216 4133 367 4207 tantopere
386 4124 490 4191 litteris
512 4135 546 4190 et-
562 4128 724 4194 eroditieue
739 4130 836 4194 inisse
854 4128 997 4210 imbutos,
1025 4138 1056 4194 ut
1078 4131 1197 4212 plurimi
1226 4212 1229 4225 Ι
