2676 4748
578 310 664 404 Cap.
684 266 745 389 2⁴l.
1158 311 1213 381 29
1268 305 1294 380 s

119 525 222 596 qnam
242 501 400 574 dixerint.
443 521 520 569 nam
541 501 693 571 videmus
715 501 801 570 alios
815 505 968 569 oratores
981 498 1103 569 inertia
1118 501 1204 570 nibil
1244 514 1246 519 “

118 588 1206 767 119111111.11911191919111111119.1111·
1238 649 1250 661 ··

117 792 195 839 raon·
210 705 259 835 uiJ
268 767 491 852 habeantur):
535 770 592 835 92.
621 767 707 832 alios
720 788 785 831 non
800 765 973 846 laborare,
995 775 1034 832 ut
1047 722 1205 832 melioret:

118 860 222 937 fianta
251 857 344 922 nulla
361 856 447 922 enim
462 875 517 920 res
533 862 662 919 tantum
676 852 719 918 ad
732 852 907 919 (licendum
924 852 1076 941 proficit,
1097 875 1205 942 quan·

119 953 193 1015 lum
219 944 380 1031 scripti03
415 942 607 1007 memoriam
630 950 740 1007 antem
762 941 797 1005 in
819 950 991 1029 posterum
1007 941 1205 1027 ingeniisui

119 1054 187 1103 uon
201 1030 415 1111 desiderant,
434 1052 509 1096 cum
523 1051 560 1095 se
574 1035 694 1118 putant
709 1029 794 1095 satis
808 1051 958 1116 magnam
974 1028 1112 1117 adeptos
1127 1049 1206 1096 esse

79 1158 82 1163 ,
121 1118 257 1189 dicandi
274 1120 437 1204 gloriam,
458 1116 711 1204 eamqueetiam
734 1116 893 1182 maiorem
916 1119 1024 1183 visum
1038 1119 1097 1202 iri,
1119 1117 1205 1184 siin

121 1208 387 1275 existimantium
407 1205 584 1271 arbitrium
602 1227 663 1271 sna
681 1204 810 1292 scripta
825 1227 891 1270 non
904 1205 1074 1273 venerint:
1104 1205 1206 1285 alios,

122 1293 214 1383 quod
230 1295 351 1360 melius
364 1300 485 1381 putent
501 1291 611 1358 dicere
626 1315 664 1358 se
679 1314 780 1380 posse
842 1315 894 1358 am
916 1293 1083 1359 scrihere:
1112 1290 1207 1380 quoil

121 1382 366 1471 peringeniosis
380 1379 570 1448 hominihus
583 1381 783 1468 nequesatis
793 1314 901 1447 illotis
915 1381 1112 1468 plerumque
1126 1401 1207 1448 con·

122 1469 242 1557 tingit,
264 1478 303 1536 ut
317 1469 385 1560 ipsi
397 1467 538 1538 Galbae.
578 1471 634 1538 93.
656 1490 755 1556 quem
773 1469 920 1536 fortasse
934 1470 985 1538 vie
1000 1489 1067 1536 nou
1079 1467 1207 1557 ingenii

189 1626 221 1679 (i.
234 1623 278 1679 et.
311 1639 392 1691 qnam
404 1623 533 1686 dixerint]
558 1627 643 1692 quari
654 1626 716 1679 dic.
730 1629 772 1679 ed.
787 1641 830 1691 pr.

183 1698 235 1748 92.
269 1696 412 1760 contingit]
437 1694 562 1762 concipit
571 1704 639 1747 vett.
651 1696 711 1747 edd.
724 1696 886 1760 scripturam
896 1693 1013 1749 mutavit
1024 1692 1172 1750 Manutius.

175 1831 206 1885 G.
220 1827 263 1883 at.
278 1835 324 1884 91.
357 1830 466 1884 habitae
486 1829 555 1892 iam]
579 1832 644 1883 Pie·
685 1845 757 1884 nuno
777 1831 851 1884 tenui
871 1833 1081 1899 monadorum,
1111 1833 1209 1899 quibos

121 1899 198 1967 rique
212 1903 283 1952 enim
294 1908 420 1951 veterum
433 1909 568 1951 oratorum
581 1913 646 1952 ora·
687 1904 750 1953 olim
772 1905 861 1968 picra
881 1903 960 1954 dicia
988 1916 1073 1970 quam
1095 1904 1209 1969 scripta

122 1973 210 2023 tiones
225 1984 293 2022 suas
302 1979 364 2034 post
376 1983 499 2035 causam,
515 1983 568 2020 non
582 1978 645 2023 ente
687 1973 775 2032 (inira
785 1969 861 2042 cii,
876 1971 951 2032 ret.)
969 1981 996 2024 et
1007 1974 1140 2024 interdurn
1151 1973 1209 2025 coli

122 2041 521 2093 actionemscriberesciebaot.
539 2041 644 2100 [Quae-
687 2041 843 2094 criminum
865 2042 944 2094 rituti
971 2051 1209 2107 cognoscerentur.
1280 2056 1287 2066 ·

122 2109 237 2160 ationem
250 2109 325 2160 iiiam
337 2111 372 2160 ad
383 2109 567 2159 diiudicandos
580 2121 645 2161 ora·
686 2111 787 2163 ilarius
804 2123 872 2162 vero
892 2112 1000 2163 totidem
1021 2112 1125 2175 scripta
1138 2125 1209 2175 quae

122 2186 198 2230 tores
217 2179 410 2243 gravissimam
424 2189 476 2228 uon
490 2177 555 2227 licet
569 2192 645 2230 snm·
686 2183 760 2233 dicta
773 2182 915 2246 extabant,
933 2183 1009 2231 velut
1021 2195 1072 2234 usu
1085 2183 1161 2232 venit
1179 2182 1208 2232 in

122 2249 176 2300 mis
188 2249 268 2298 lineis
281 2248 454 2310 adumbrare,
472 2247 568 2310 quibus
583 2255 645 2311 post
687 2251 852 2302 orationibus
871 2253 929 2300 Ser.
943 2251 1054 2312 Sulpicii
1065 2251 1136 2301 nun.
1170 2251 1209 2301 V.

122 2319 196 2370 aiios
235 2316 380 2378 descripsit
415 2318 646 2370 westermannus
688 2319 798 2382 Quintil.
820 2319 863 2388 X,
885 2320 917 2385 7,
933 2320 976 2368 30.
999 2321 1050 2370 iiis
1067 2320 1210 2383 perpensis

121 2388 187 2438 hist.
202 2387 291 2450 eloqu.
303 2388 381 2436 Rom.
396 2400 424 2450 p.
435 2383 497 2436 146.
532 2386 646 2437 Constat
688 2391 759 2441 haud
772 2390 915 2438 obscurum
927 2396 986 2450 est,
1010 2391 1107 2452 quibus
1120 2390 1210 2440 ratio·

122 2462 216 2509 tamen
241 2455 379 2517 principes
401 2453 561 2506 vetustioris
586 2457 646 2506 eio-
687 2458 767 2508 nibus
780 2456 941 2519 disceptatio
954 2457 1035 2507 Plinii
1046 2471 1106 2508 cnm
1120 2459 1210 2510 amico

122 2524 251 2589 quentiae
283 2530 331 2575 aut
356 2523 445 2575 rarius
472 2524 571 2575 litteris
594 2536 646 2575 sua
688 2528 770 2590 panio
783 2525 929 2575 iactantius
942 2525 1045 2588 agitata
1057 2528 1125 2589 Epp.
1135 2528 1156 2594 i,
1164 2529 1210 2577 20.

121 2595 280 2660 mandasse,
295 2605 370 2662 quae⁸
378 2605 463 2645 cansa
472 2593 525 2644 iuit
538 2592 587 2644 cur
598 2605 646 2644 eo·
688 2597 723 2646 ad
736 2594 861 2645 iudicium
872 2593 911 2646 ait
924 2597 1055 2645 vocanda.
1083 2595 1209 2648 Ceterum

121 2677 185 2717 rum
198 2674 286 2724 pauca
298 2661 397 2725 ingenii
409 2673 580 2714 monumenta
597 2677 647 2715 su·
688 2665 722 2714 de
746 2664 839 2715 causis
858 2675 985 2727 generum
1005 2664 1210 2714 diversissimo-

113 2737 275 2797 ·peressent‚
290 2739 338 2783 aut
349 2732 449 2795 ieviter
460 2744 544 2794 opera
557 2733 647 2784 inisse
687 2746 764 2794 rum,
786 2732 856 2796 qliae
877 2732 963 2782 secuti
978 2732 1032 2784 sint
1044 2741 1166 2784 oratores
1179 2735 1213 2785 iu

123 2803 286 2866 defunctos,
303 2808 334 2852 ut
346 2801 419 2852 inira
431 2803 647 2863 expectationem
688 2803 801 2853 dicendo
823 2801 1034 2868 scribendoque,
1062 2803 1211 2863 Quintilio·

122 2871 311 2922 subsisterent.
345 2869 475 2920 Catonem
487 2884 553 2922 sane
566 2872 647 2923 Cice·
688 2885 740 2923 nos
759 2870 831 2938 xli,
856 2871 905 2937 10,
922 2867 966 2920 te.
981 2885 1040 2936 sqq.
1064 2873 1209 2939 quaesivit,

80 2952 86 2962 ’
122 2952 154 2995 ro
182 2939 224 2989 sic
253 2939 321 2989 iacit
343 2940 496 3002 loquentem
519 2940 580 2991 Cat.
604 2943 646 2991 11.
689 2940 778 3002 magis
803 2947 833 2990 ut
856 2941 1069 3001 expectationem
1087 2950 1211 2993 moveret

121 3010 286 3063 &aemam
300 3009 479 3076 mutiriane,
502 3022 648 3075 quascun-
690 3023 770 3075 qnam
786 3008 936 3074 impleret]

122 3078 315 3146 quaerendi,
331 3091 408 3128 conc
421 3092 507 3145 qoam
519 3080 647 3130 monime
739 3081 783 3129 92.
830 3077 1052 3136 existimantium]
1088 3077 1211 3131 iudicant

121 3146 243 3212 conficio
254 3147 419 3198 orationes:
434 3149 531 3210 quibus
545 3149 647 3198 silicet
688 3159 755 3211 quos
769 3146 882 3198 dicimus
893 3147 1113 3199 Kabeiriobter.
1130 3161 1155 3198 c.
1163 3152 1210 3216 39,

124 3218 277 3281 confidere,
294 3229 387 3266 senem
401 3219 552 3267 censorium
565 3216 647 3279 pbta-
689 3216 749 3272 rto.
768 3217 801 3266 tc
812 3217 958 3283 rupendo,
976 3217 1007 3266 in
1019 3219 1160 3284 arctando,
1178 3219 1212 3270 tn

122 3285 212 3337 binus
230 3296 330 3337 causae
347 3286 411 3336 ilias
424 3287 591 3352 recoluisse,
615 3294 646 3337 ut
688 3285 1212 3353 refellendomapieeoistt'moiorme-

122 3355 280 3420 Originibus
297 3355 439 3406 insereret.
478 3356 531 3406 Sed
550 3355 646 3407 Cicero
687 3357 813 3408 terradas
830 3368 915 3420 quam
933 3355 1121 3408 admirandae
1138 3371 1212 3410 oro-

122 3426 222 3489 quique
244 3425 409 3484 temporibus
434 3422 495 3474 eius
514 3426 645 3489 aequales
687 3427 747 3477 tor.
782 3438 807 3474 c.
822 3422 871 3488 54,
897 3423 957 3475 200.
980 3425 1214 3492 1021119οηιῶ-

122 3495 234 3545 inerunt
258 3501 417 3557 &gemente
437 3506 581 3546 causarum
606 3496 645 3546 ita
688 3493 772 3545 ceracii
791 3493 987 3544 ecietimcior.
1028 3509 1053 3545 c.
1072 3497 1124 3562 08,
1147 3500 1211 3548 299.

122 3563 248 3613 edebam
265 3563 294 3623 in
307 3563 506 3614 commentariis
516 3564 645 3615 inoboare
689 3566 803 3628 clepone
827 3561 859 3612 itt
882 3562 1018 3630 dicendo,
1047 3562 1080 3615 in
1103 3566 1212 3617 emisti·

120 3630 304 3696 nemoriaque
328 3631 486 3698 complecti,
514 3639 546 3682 ut
568 3633 647 3686 initia
688 3633 793 3683 mondo
807 3632 960 3682 admocum
975 3634 1121 3699 predata,
1147 3629 1212 3686 toto

122 3701 224 3752 subitis
243 3700 363 3761 inventis
381 3708 410 3750 et
425 3701 558 3753 facultate
577 3715 647 3767 qua·
688 3712 796 3768 petiere
813 3701 1007 3764 perurbanas.
1042 3715 1067 3752 c.
1081 3706 1131 3770 99,
1148 3705 1211 3755 320.

103 3770 185 3821 dam
206 3769 385 3832 extemporali
399 3770 559 3835 dimersum
583 3783 646 3822 mox
688 3784 746 3821 non
766 3770 859 3837 quivis
876 3785 952 3821 once
964 3782 1002 3822 ec
1012 3773 1135 3837 populor
1158 3773 1213 3824 ted

121 3838 218 3891 otiam.
231 3840 306 3890 nacti
327 3839 413 3892 redata
434 3840 596 3892 tractaretis
615 3842 646 3892 et
689 3840 983 3893 emistimctordoctua
995 3843 1025 3890 et
1037 3842 1210 3908 inteliipeas,

114 3908 297 3975 praeteritio
321 3913 405 3973 (qnae
424 3907 563 3961 Ciceronis
582 3917 647 3961 sunt
688 3911 765 3961 Orat.
773 3912 815 3959 31.
832 3911 868 3960 ut
881 3909 1100 3961 existimatores
1109 3912 1213 3961 eidec-

121 3988 207 4030 voces
233 3979 315 4029 i'usc.
340 3978 391 4044 iv,
414 3976 476 4038 25.)
508 3979 646 4030 orationes
688 3980 862 4044 nacrioqui,
884 3992 941 4030 aon
952 3964 1098 4044 mapistri.
1132 3981 1212 4029 Adde

120 4048 325 4115 componebant,
340 4048 647 4114 nonciatioreminmo-
689 4049 809 4098 Terentii
834 4050 931 4098 licant.
955 4047 1028 4098 Proi.
1049 4046 1093 4098 25.
1121 4047 1210 4099 Arit-

121 4117 185 4169 dun
197 4117 369 4182 elaboratas,
398 4124 429 4168 ut
442 4118 587 4183 potuero
598 4118 665 4170 aa*
687 4119 780 4170 trium
797 4119 946 4183 vostrum,
973 4117 1077 4167 costra
1095 4118 1210 4172 erisia-

121 4185 205 4241 eitee
223 4198 312 4254 praet
328 4186 453 4244 edures
476 4187 646 4257 viderentur,
687 4186 778 4243 modo
789 4185 913 4241 edebat
927 4185 973 4237 ubi
984 4197 1013 4235 v·
1025 4186 1133 4240 bubni.
