2676 4748
57 356 61 361 ’
115 366 205 419 xau
480 346 825 447 paturnelo.

117 538 200 605 lites
215 542 251 604 at
263 535 430 628 exquisita
444 534 616 624 doctrina,
635 562 722 630 quae
735 559 866 610 summo
881 539 1011 609 artifice
1024 537 1126 630 digna
1135 540 1205 627 sit,

119 640 363 728 explicaretur,
392 636 663 716 obmutescerent
681 646 743 715 isti
763 644 805 713 de
824 647 927 733 vulgo
942 646 1204 736 reprehensores

113 750 157 815 et
176 744 339 813 iuveniles
361 745 500 833 arbitri,
526 749 586 835 qni
604 749 733 817 litteris
748 750 994 838 aliquantulum
1007 748 1130 816 imbuti
1144 746 1205 817 Gl-

119 854 291 930 caronam,
317 847 509 921 sisebutus
530 852 747 920 simulacrum
769 852 814 920 ad
834 854 1011 927 tristitiam
1024 852 1205 939 magistro·

21 954 23 958 “
120 970 197 1018 rcum
219 972 358 1019 auorum
377 955 638 1039 conformatum,
665 964 824 1044 tauquam
845 970 967 1026 vanum
990 957 1205 1024 clamatorem

120 1062 158 1123 et
169 1056 351 1146 pigmentis
364 1057 570 1136 Asianorum
585 1057 844 1149 'superfluentem
861 1060 1036 1145 incessere,
1049 1064 1207 1150 pergunt.

212 1157 295 1229 tad
312 1159 447 1246 redeat,
467 1161 556 1230 uude
575 1159 712 1230 deflerit
728 1163 854 1244 oratio,
878 1161 923 1229 ad
937 1185 1059 1232 causae
1073 1169 1109 1228 ot
1121 1164 1207 1237 ,hanc

120 1265 437 1333 commentariorum
460 1264 607 1336 indolem
629 1265 729 1356 quasi
748 1265 981 1338 collecticium.
1021 1263 1060 1334 N
1061 1286 1112 1332 am
1128 1283 1207 1354 per.

8 1364 10 1369 ’
121 1364 214 1454 pulit
235 1366 311 1457 ipsa
330 1371 535 1455 necessitas,
556 1377 614 1458 ut,
633 1370 692 1460 qui
705 1370 830 1452 nullam
843 1368 912 1441 nisi
926 1368 1115 1459 sequestris
1128 1387 1206 1455 per·
1230 1357 1239 1455 ⁴,

121 1488 239 1535 sonam
260 1471 375 1539 subire
395 1470 585 1542 debuissem
608 1481 670 1542 aut
692 1472 884 1543 subiturum
912 1495 965 1542 ma
992 1469 1207 1552 divinassem,

122 1570 244 1641 alicnis
263 1575 436 1645 laboribus
458 1598 594 1670 operam
613 1577 857 1647 commodarem
876 1575 1056 1659 vicariam,
1081 1596 1123 1641 ne
1136 1594 1207 1638 ma·

122 1674 212 1743 teria
232 1675 334 1748 nimis
354 1701 471 1750 manca
490 1681 642 1752 consiliis
656 1679 1012 1772 uostriseapugnaret.
1053 1676 1122 1746 Hic
1137 1697 1206 1766 quc
1247 1693 1249 1697 ’

122 1774 302 1870 dispendio
320 1786 483 1875 temporis
504 1793 665 1875 quantum
685 1783 789 1853 taedii
808 1785 844 1851 in
863 1781 1072 1865 columnalis,
1101 1781 1207 1849 emol-

122 1879 267 1968 liendie,
293 1887 547 1972 concinnandis,
574 1911 661 1980 quae
682 1909 768 1961 nunc
781 1888 872 1956 intra
892 1885 1027 1962 modum
1041 1885 1207 1954 subsiste-

124 1992 222 2069 rent,
246 2010 335 2059 nunc
356 1992 448 2059 ultra
470 1991 555 2060 fines
575 2013 750 2063 concessos
771 1994 1011 2075 exuberarent,
1029 1989 1134 2062 luerit
1149 1988 1208 2055 de·

126 2090 331 2178 vorandum,
354 2094 442 2185 alios
463 2096 552 2164 malo
566 2096 734 2187 suspicari
748 2118 847 2186 quam
857 2097 895 2164 in
907 2088 1139 2164 recordatione
1154 2100 1209 2167 tot

81 2238 85 2263 2
125 2195 357 2266 molestiarum
375 2197 539 2299 haerena,
558 2221 634 2270 cum
655 2202 856 2332 praepartim
876 2221 1011 2269 sensum
1028 2201 1128 2266 'illum
1149 2220 1209 2266 vo·

124 2296 271 2388 luptatis
290 2305 327 2369 et
345 2300 600 2372 oblectationem
621 2304 723 2372 animi
744 2304 950 2387 desiderem,
983 2303 1096 2397 qualis
1120 2302 1210 2368 solet

124 2400 243 2471 studia
269 2410 462 2472 constanter
482 2403 526 2473 ad
552 2407 760 2496 aequabilem
780 2430 931 2476 normam
953 2410 1072 2474 exacta
1091 2401 1209 2472 solari.
1239 2397 1242 2403 ’

126 2502 281 2593 Quodsi
301 2505 480 2575 subitariis
501 2510 789 2594 annotationibus,
814 2531 901 2600 quas
922 2509 1118 2594 memoriola
1138 2509 1211 2573 for,

125 2609 233 2677 aritae
251 2610 408 2678 lectionis
429 2608 484 2676 val
509 2628 622 2674 rerum
642 2611 775 2678 scriniis
795 2613 1006 2681 conditarum
1027 2609 1212 2696 suggessit,

125 2710 257 2783 iudices
275 2715 488 2801 contingant:
520 2711 574 2781 bie
589 2698 688 2799 piane
703 2712 916 2779 satisfactum
927 2713 1012 2794 erit,
1036 2710 1135 2777 modo
1155 2733 1212 2776 re·

125 2815 285 2903 ligionem
311 2813 546 2909 procuratoris
577 2811 662 2879 nihil
691 2813 1012 2907 praetermittentis,
1046 2809 1139 2900 quod
1166 2814 1211 2881 ad

126 2938 226 2987 usum
239 2929 275 2988 et
286 2919 513 3010 integritatem
529 2913 727 3003 disciplinae
739 2918 868 3000 valeat,
889 2915 995 3012 probe
1009 2914 1118 2983 tuitus
1133 2937 1211 2993 essa

127 3017 263 3105 uidear-3
297 3043 358 3090 uec
384 3020 562 3110 quisquam
585 3039 743 3088 numeras
765 3028 802 3088 et
821 3025 1082 3087 consummatam
1104 3020 1212 3087 intar-

126 3124 238 3217 pretis
250 3124 317 3194 vim
331 3124 374 3192 ab
384 3145 424 3193 eo
438 3122 603 3211 requirat,
622 3121 683 3212 qui
693 3145 753 3191 nec
764 3126 968 3194 voluntatens
981 3145 1088 3212 neque
1103 3124 1210 3197 otium
1253 3185 1254 3189 ,

128 3228 175 3296 ad
201 3234 385 3321 apparatus
413 3223 597 3295 etruendos
624 3227 817 3299 contulerit.
873 3227 973 3296 Nihil
995 3229 1102 3316 igitur
1123 3229 1211 3295 anti„

126 3333 230 3423 quius
249 3332 352 3401 babai
371 3353 472 3421 quam
486 3334 528 3396 ut
541 3326 759 3401 difficultates
774 3332 925 3400 locoru'ru
939 3340 1000 3399 aut
1016 3330 1212 3420 expediran,

128 3445 203 3524 tur,
229 3443 290 3505 aut
307 3434 449 3506 candide
467 3433 653 3506 lectoribus
669 3434 713 3502 ad
732 3435 926 3507 solvendum
941 3423 1212 3504 commendarem..

128 3548 200 3624 tar,
219 3542 276 3610 vel
292 3539 492 3614 offensiones
506 3560 627 3628 parum
642 3539 892 3608 animadversae
906 3544 1123 3620 eruerentur3
1149 3561 1212 3607 nec

128 3646 297 3739 poenituit
318 3642 482 3735 quaedam
504 3641 547 3710 ab
563 3641 735 3712 Wetzelio
749 3644 841 3734 peti,
861 3643 922 3736 qui
934 3641 1080 3710 Brutum
1094 3641 1213 3709 lauda.-

127 3752 247 3821 biliter
267 3750 398 3833 utillis
418 3746 627 3838 temporibus
646 3747 850 3816 illustrarat.
898 3743 1138 3817 Recentiornm
1159 3751 1214 3812 ta,

20 3847 36 3869 '
92 3933 95 3937 ⁴
128 3875 206 3925 men
226 3853 398 3943 symbolas
420 3858 458 3919 et
478 3851 608 3942 opellae
627 3851 757 3940 placuit
774 3852 922 3919 intactas
941 3848 1088 3929 dimitti,
1126 3870 1212 3935 quas

129 3958 176 4027 ad
196 3958 342 4031 officinm
365 3953 509 4025 editoris
534 3953 682 4023 arbitror
701 3955 883 4045 pertinere.
933 3951 1008 4020 Iam
1026 3950 1212 4019 orationem

128 4050 241 4130 Tullii
262 4064 476 4153 perlustrans
497 4055 650 4150 providi,
682 4077 725 4126 ue
744 4059 876 4125 sincera
895 4053 1060 4124 librorum
1083 4055 1213 4144 praesi-

93 4201 96 4209 ·
127 4167 185 4236 dia
198 4171 458 4256 amonerentur,
478 4183 560 4234 nave
572 4163 775 4232 coniecturis
797 4163 1016 4253 (quamquam
1034 4159 1214 4227 nonnullas

125 4291 190 4369 pro
209 4291 248 4343 ce
268 4275 349 4343 nata
366 4267 536 4357 concessi)
564 4266 705 4341 notan
718 4266 801 4341 crdo
814 4266 994 4342 uerborum
1008 4263 1216 4340 Maenius.
