2676 4748
512 337 606 431 cap.
627 342 685 414 cs.
912 313 915 317 ⁴
1074 346 1142 421 196

53 534 157 603 etiarn
171 529 330 599 tanetum.
358 529 390 597 is
404 527 552 598 lahorem
567 529 666 620 quasi
676 550 813 597 cursum
828 528 993 599 forensem
1007 532 1139 606 diutius

54 642 122 690 uon
142 620 239 703 tulit,
271 616 362 706 qued
383 624 425 685 et
449 638 592 708 corpore
619 624 695 684 erat
721 618 872 699 infirmo,
905 629 941 686 et
966 620 1150 705 hominum'

53 709 203 864 {mins
221 728 264 814 ιιι
285 706 471 858 αιέξὶῐίιιι,
491 726 592 859 guae,
605 704 819 859 deperanda:
833 705 930 772 nobis
949 719 1058 864 ‘dm’t
1071 733 1152 865 dnm·

54 892 125 968 sn,
146 803 1141 969 3311ξέ311113331133.31133131

54 980 113 1040 set
133 969 347 1050 adolescens,
374 968 610 1036 miuorhaheri
623 976 677 1034 est
690 974 829 1057 coeptus
869 975 975 1038 cetea.
1019 966 1140 1042 deinde

57 1082 99 1128 cx
111 1059 279 1146 virginum
294 1055 419 1123 iudicio
435 1077 587 1143 magnam
601 1053 734 1122 leudem
752 1062 806 1122 est
820 992 975 1145 adeptus,
996 1067 1032 1126 et
1044 1082 1085 1128 ex
1097 1082 1139 1128 sc

56 1155 211 1237 tempore
233 1145 331 1233 quasi
350 1151 526 1211 revocatus
537 1143 574 1209 in
586 1165 721 1211 cursum
735 1143 845 1210 tenuit
857 1146 968 1211 locum
985 1148 1140 1230 tamdiu,

57 1255 159 1323 ιῐιιιιιι
177 1235 269 1300 ferre
289 1232 402 1320 potuit
420 1231 590 1298 lahorem:
617 1237 736 1319 postea
755 1238 916 1318 quantum
937 1231 1084 1301 detraxit
1099 1257 1141 1302 ex

57 1321 190 1401 studio,
210 1326 341 1386 tantum
358 1319 472 1386 amisit
485 1340 525 1385 ex
538 1319 657 1404 gloria.
700 1321 777 1387 237.
805 1317 846 1388 P.
859 1317 1000 1388 Murena
1014 1322 1143 1390 medio·

57 1409 110 1475 ori
122 1409 277 1495 iugenio,
298 1404 359 1472 sed
373 1426 493 1491 magno
504 1404 618 1471 studio
630 1425 742 1471 rerum
756 1415 925 1487 veterum,
946 1408 1140 1476 litterarum

57 1501 95 1562 st
105 1494 282 1561 studiosus
293 1500 329 1558 et
344 1514 409 1558 non
423 1491 619 1578 imperitus,
645 1493 770 1557 multae
782 1492 968 1561 industriae
981 1502 1016 1563 et
1030 1498 1142 1582 magni

57 1581 188 1650 moeris
208 1578 287 1648 inis.
330 1577 371 1648 G.
384 1577 590 1648 censorinus
604 1576 746 1646 Graecis
763 1579 889 1646 litteris
903 1581 988 1648 satis
1008 1583 1142 1665 doctus,

57 1668 151 1759 quod
177 1674 419 1823 pffsuerat,
452 1666 622 1755 explicans
651 1664 825 1756 expedite,
852 1688 918 1734 uon
944 1670 1142 1738 invenustus

58 1765 173 1840 autur,
277 1755 370 1822 iners
386 1761 422 1821 et
440 1753 596 1821 iuimicus
611 1752 691 1823 ieri.
732 1750 776 1825 L.
788 1751 918 1822 Turius
934 1778 1037 1846 parvo
1050 1760 1143 1847 iuge·

93 1915 136 1969 tte
151 1915 303 1968 cernuum
320 1914 352 1965 et
368 1912 472 1965 sollers
489 1912 525 1964 ad
540 1912 647 1966 laudem
665 1909 796 1964 acuminis
813 1912 1081 1977 catecuminum
1092 1930 1145 1968 vs-

92 1996 141 2053 uu,
163 1984 216 2037 sed
239 1996 324 2048 saepe
346 1982 570 2046 stomachatum,
599 1993 804 2047 nonnunquam
821 1982 982 2053 tripedem,
1004 1994 1064 2037 eain
1078 1988 1145 2039 lau-

93 2057 155 2106 dem
171 2059 307 2105 extenuet.
349 2051 408 2102 lam
425 2059 547 2103 extrema
562 2051 712 2102 interdum
727 2051 817 2102 etium
831 2052 960 2119 facetum
977 2066 1074 2106 rursus
1091 2055 1145 2107 ali-

91 2123 157 2190 quid
172 2123 262 2174 laudis
279 2119 425 2172 continent.
460 2123 517 2171 Aut
531 2119 613 2184 igitur
630 2132 707 2171 error
721 2120 805 2188 latet,
830 2128 860 2172 ut
872 2123 1000 2191 facetam
1012 2123 1049 2173 sio
1062 2125 1145 2176 vitio-

70 2224 73 2229 ·
93 2204 170 2259 sum,
194 2192 405 2255 legendumque:
426 2189 576 2243 interdum
591 2188 754 2254 inficetum,
777 2195 825 2240 ant
842 2191 1050 2254 transpositione
1067 2194 1145 2244 iocus

93 2270 138 2314 est
161 2262 313 2311 sanandus:
346 2259 422 2324 qaod
439 2261 506 2311 erut
525 2258 556 2309 in
572 2256 819 2322 reprehendendis
834 2259 931 2310 uerbis
945 2264 1098 2314 versutum
1114 2265 1145 2316 et

94 2332 215 2392 soliers,
237 2327 387 2380 interdum
404 2330 492 2380 etium
511 2328 654 2395 facetum,
671 2327 723 2377 sed
733 2339 818 2391 saepe
828 2329 1146 2398 stomuctocum,·ncn-

93 2410 241 2464 nsmquum
257 2396 409 2465 friptdesm.
444 2396 640 2459 [Hoc'quidern
656 2409 751 2458 paroni
769 2397 803 2446 ad
820 2397 928 2447 laudem
943 2399 1076 2450 acuminis
1093 2413 1147 2451 us-

93 2466 217 2520 teratorii
234 2467 370 2530 conferet,
396 2464 440 2515 cui
458 2465 562 2517 salibus
579 2476 647 2526 opus
664 2463 716 2513 fuit
733 2465 891 2526 etquenam
901 2465 1053 2518 testivitate
1069 2469 1147 2528 (vids

74 2564 79 2569 -
93 2538 144 2587 vel
159 2549 185 2586 c.
196 2533 242 2588 75.
257 2538 330 2598 pr.);
351 2535 421 2585 iilud
437 2543 526 2586 autem
540 2534 689 2585 orationem
701 2532 807 2584 trustra
819 2533 929 2600 dilatat,
952 2533 1082 2597 etquidem
1094 2546 1147 2602 ge.

78 2604 155 2658 -ncri
177 2605 277 2666 trigido
301 2603 478 2655 subiiciuutur
502 2605 584 2655 etiam
606 2602 724 2653 inficeto„
759 2602 863 2652 Verum
879 2602 921 2653 iiic
939 2601 1000 2664 ipse
1016 2604 1093 2657 iocus
1111 2607 1147 2657 sd

94 2687 158 2728 cam
174 2673 392 2724 observationem
408 2675 593 2738 revocandus,
617 2683 697 2734 quam
713 2669 742 2719 in
759 2681 784 2719 c.
797 2672 841 2737 62.
858 2671 878 2720 i.
897 2673 931 2721 de
944 2671 1147 2726 medio-vocum

84 2742 249 2809 'significatu
265 2742 411 2804 posuimus.
444 2744 515 2795 Nam
531 2747 673 2792 versutum
690 2746 719 2788 ec
733 2738 832 2789 soliers
848 2738 955 2791 Pisonis
967 2752 1087 2795 acumen
1102 2743 1148 2795 ui-

93 2814 135 2867 hii
151 2812 206 2869 utsi
222 2811 460 2875 perspicacitatem
477 2812 505 2862 in
519 2810 643 2861 ridiculis
660 2807 832 2871 exagitandis
847 2810 1000 2872 prodebat]
1074 2844 1077 2849 ·

94 2904 97 2909 ⁴
127 2884 248 2942 morose]
271 2892 387 2932 moroso
405 2882 500 2933 hamb.
516 2881 622 2932 Placet.
656 2879 781 2939 [Poterat
798 2877 826 2928 iu
841 2876 896 2940 ipsi
912 2878 1037 2931 Ciceroni
1053 2880 1148 2943 piaes-

93 2958 143 3019 rt,
176 2948 201 3000 si
218 2951 326 3013 quidem
349 2949 460 3002 volebat
482 2956 530 3002 aut
546 2961 662 2999 necesse
680 2946 794 2998 isabebat
812 2947 1031 3011 aequabilitatem
1047 2951 1148 3001 verbo-

93 3033 155 3073 rum
167 3019 329 3071 consectari.
363 3020 442 3070 Nunc
457 3019 548 3082 potius
565 3017 592 3068 ei
609 3018 698 3066 visum
716 3022 759 3064 est
775 3013 869 3066 efferri
885 3028 1026 3069 morosum,
1038 3011 1149 3071 euni·

94 3089 246 3155 ingenium,
268 3101 347 3152 quem
365 3098 478 3150 apparet
495 3098 609 3151 marem
628 3092 657 3136 ot
672 3092 811 3137 austerum
827 3085 939 3148 fuisse]

127 3157 258 3221 ingenuo]
282 3157 396 3223 iouente
413 3158 455 3207 ed.
472 3170 514 3221 pr.

128 3239 164 3277 ex
182 3227 284 3286 studio]
307 3228 343 3277 de
359 3225 456 3278 studio
473 3224 567 3278 uani.
595 3219 807 3285 praepositionis
822 3226 901 3274 usum
913 3221 1045 3279 rasuram
1054 3221 1149 3278 vinui-

93 3287 809 3358 cennouuenuorpiusiucaesdi.Gaii.V11,45
842 3293 870 3341 2.
1039 3326 1044 3337 .

127 3366 190 3418 aar.
222 3365 258 3418 ι..
270 3365 383 3423 surius]
408 3365 477 3416 stem
493 3364 536 3414 eu.
552 3375 595 3426 pr.
624 3360 659 3411 ι..
672 3359 796 3413 uacuas
815 3323 926 3425 insin
943 3359 1035 3414 nni.
1051 3361 1147 3427 para.

110 3518 430 3583 laborem-forensem]
446 3519 583 3587 Nouperq
676 3526 769 3569 rerum
784 3517 921 3578 suerum]
943 3516 1012 3570 Sive
1030 3516 1150 3586 3611111-

60 3584 358 3656 tritenhemius,
391 3588 438 3652 qui
453 3587 535 3657 quasi
554 3587 584 3638 iii
625 3584 701 3637 tatis.
863 3651 866 3659 .

57 3656 149 3710 media
165 3671 264 3712 cursus
284 3658 485 3710 concertatione
505 3657 584 3708 vires
676 3652 708 3704 0.
716 3651 896 3715 censorinus]
909 3650 940 3707 0.
946 3654 1068 3709 Marcius
1077 3655 1150 3708 ceu·

58 3726 120 3779 eius
130 3727 269 3793 fatigaret.
393 3786 395 3790 ἱ
625 3721 840 3776 scrinussullae
856 3722 1150 3789 liteinintenditrepe-

39 3804 42 3809 ·
78 3808 83 3815 ·
109 3793 371 3863 virgiunmiudicio]
384 3794 583 3862 Virginesve·
626 3794 768 3856 tundamus
793 3804 819 3844 a.
839 3794 902 3844 663.
937 3793 1008 3845 Plut.
1026 3794 1105 3846 Sutia
1123 3792 1151 3846 6.

58 3863 146 3914 scales
164 3879 190 3919 a.
204 3866 265 3917 681.
289 3865 411 3914 incestus
424 3870 582 3933 accusatas,
624 3862 719 3914 Drum.
743 3860 775 3911 Τ.
788 3862 827 3913 11.
849 3875 876 3924 p.
889 3860 953 3915 433.
987 3864 1056 3913 item
1080 3862 1153 3931 beiio

57 3931 158 3984 Pisone
174 3943 263 3987 antem
283 3934 443 3984 defendente
456 3941 519 3984 sunt
532 3935 582 3987 ab·
625 3932 738 3983 sulione
749 3931 875 3983 sublatus
887 3938 932 3981 est
943 3943 969 3988 a.
983 3932 1045 3983 673.
1074 3930 1111 3983 v.
1124 3943 1150 3982 c.

58 4003 176 4055 scientae.
199 4003 310 4055 cassim.
324 4004 383 4066 ιιι,
400 4000 428 4052 s.
583 4001 669 4065 „aa

110 4073 169 4124 237.
211 4074 241 4122 Ρ.
257 4074 384 4132 Mourena]
409 4072 441 4122 P.
462 4067 584 4121 Licinius
676 4066 1150 4133 Ῑι.Ῑ111“1118]Ῑζ1101“81Ἆ118,(111081·

55 4140 172 4193 uinrena
185 4142 256 4193 balio
269 4142 381 4193 sulione
392 4138 474 4207 periit
485 4132 583 4193 aare
625 4138 814 4256 no-repuisem
827 4136 857 4187 in
869 4136 1028 4188 consuiatns
1040 4136 1151 4201 petitiu-

56 4208 94 4258 V.
108 4219 135 4262 c.
149 4212 195 4262 90.
625 4214 661 4256 uc
674 4212 730 4257 tue
755 4213 776 4257 t.

852 4271 897 4340 1³
914 4270 934 4311 *
