2676 4748
146 319 216 433 rra
565 320 815 405 ‘saurus
862 266 867 277 ’

149 528 186 592 et
198 540 273 591 enm
280 516 427 589 curione
439 516 510 588 lilio
521 519 765 609 colloquentem
780 516 874 602 lecit,
895 537 971 585 eum
984 519 1137 586 senatum
1149 513 1238 585 Cae-

150 631 210 678 sar
225 608 344 675 consul
365 607 557 691 habuissem
590 607 766 696 omnisque
783 606 844 675 ille
859 627 969 673 sermo
987 606 1107 673 ductus
1122 627 1141 670 e
1154 626 1238 693 per-

149 697 341 765 contatione
354 695 435 777 filii,
457 693 540 783 quid
554 694 590 760 in
602 704 722 763 senatu
737 702 830 762 esset
843 702 974 761 autum:
1002 696 1037 759 in
1058 714 1126 783 quo
1145 693 1238 758 mul·

148 786 198 852 tis
219 783 332 852 verbis
354 804 429 848 cnm
450 782 665 850 inveheretur
681 783 717 849 in
731 781 911 851 Caesarem
927 780 1049 863 Curio,
1079 778 1236 868 disputa-
1264 786 1273 831 i

147 872 263 960 tioque
278 876 370 937 asset
384 870 474 935 inter
486 891 556 951 eos,
577 876 618 936 ut
630 877 685 938 est
697 869 902 938 consuetudo
919 869 1138 956 dialogorum,
1154 887 1234 933 eum

149 981 261 1028 sermo
282 964 373 1023 esset
393 956 573 1024 institutus
587 964 704 1024 senatu
720 959 841 1039 missos,
863 977 962 1046 quem
977 964 1128 1022 senatum
1145 951 1235 1021 Cae-

148 1068 206 1113 sar
219 1047 336 1112 consul
348 1044 534 1127 habuisset,
554 1038 770 1141 reprehendit
784 1067 842 1111 eae
854 1067 922 1127 res,
943 1043 1130 1131 quasidem
1144 1039 1233 1108 Cae

108 1178 109 1181 =
145 1144 309 1288 sarGarlrlno
328 1137 463 1285 {suffit
483 1131 598 1289 olzssligoe
623 1132 796 1286 sregquis
812 1126 1231 1286 ιιιιὲίιράιιιίιιῗῐιιῒιξιιοΐ

143 1243 181 1289 ιιι
232 1242 323 1288 ara.
453 1264 464 1288 .
559 1267 570 1287 .
621 1240 675 1288 um
722 1241 853 1287 ruusa
880 1241 1017 1300 mirans,
1074 1240 1115 1284 au
1153 1236 1232 1283 mne

142 1308 253 1375 luisse
272 1306 489 1388 obliuionem,
517 1307 649 1395 inquit,
676 1307 712 1373 in
733 1308 863 1397 scripto
884 1306 1102 1395 praesertim,
1130 1307 1172 1370 ut
1185 1323 1231 1371 ue

143 1393 259 1482 legeris
276 1393 410 1484 quidam
426 1415 572 1482 unquam
588 1395 750 1479 senserit,
793 1401 930 1462 uantum
949 1393 1070 1480 flagitii
1090 1390 1231 1459 commi·

30 1528 38 1558 ·.
144 1475 272 1550 sisset?
316 1479 410 1570 Quid
434 1493 564 1564 autem,
592 1483 746 1570 iuquam,
806 1490 899 1564 rute,
927 1482 1087 1561 stultius,
1114 1498 1231 1568 qnam,

141 1571 174 1639 si
187 1593 227 1638 ea
242 1569 434 1659 vituperare
447 1569 581 1637 volabat
597 1591 683 1658 quae
696 1570 915 1660 vituperavit,
935 1590 1001 1635 nou
1015 1590 1054 1634 eo
1070 1575 1225 1654 tempore

141 1657 323 1726 instituere
348 1679 554 1739 sermonem,
570 1678 662 1724 ‘eum
676 1656 825 1724 'illarum
843 1666 961 1723 'rerum
984 1656 1051 1723 iam
1071 1663 1228 1745 tempora

206 1828 257 1880 ille
274 1829 377 1888 sermo]
400 1839 496 1881 sermo
513 1826 564 1881 ille
580 1829 622 1880 ed.
639 1841 681 1893 pr.

207 1899 318 1957 duetus]
343 1896 448 1950 dactus
471 1899 532 1962 est,
558 1897 612 1948 uisi
628 1898 752 1960 copulam
769 1898 926 1960 supplemus
945 1895 1102 1964 cogitando,
1127 1898 1226 1962 legen.

172 1969 236 2019 dum
249 1978 309 2016 cum
322 1967 439 2034 oscilla,
458 1966 715 2029 continuandamque
731 1979 793 2017 cum
811 1967 868 2017 illis
883 1969 918 2017 att
929 1966 960 2017 ia
974 1980 1006 2018 ea
1019 1967 1108 2034 libro,
1129 1969 1177 2018 abi
1189 1994 1226 2007 --

173 2034 258 2153 ragit.
292 2035 352 2085 lton
367 2044 441 2087 recte
460 2036 607 2088 Lambinus
623 2037 728 2088 doctas
744 2035 828 2111 esset.
859 2036 914 2088 διὰ
925 2035 1008 2087 laoile
1020 2037 1100 2098 periit
1113 2040 1158 2088 est
1171 2037 1227 2098 (a)

172 2118 206 2156 su
225 2112 353 2167 sequente
370 2116 395 2155 e.
852 2144 855 2161 ,

205 2185 267 2223 cum
284 2171 515 2224 sermo-consul
532 2168 684 2232 habuisset]
713 2172 789 2225 llaec
805 2177 883 2235 sunt,
908 2178 937 2223 et
949 2169 1101 2226 novissime
1114 2171 1223 2236 quidem

171 2239 298 2294 limestlo
317 2249 445 2305 auctore,
468 2239 547 2291 uncis
564 2241 734 2292 includenda.
769 2241 827 2291 Alii
849 2240 930 2291 aliter
946 2242 1048 2290 mederi
1065 2243 1223 2306 certabant3

105 2330 108 2341 ·
170 2310 284 2362 Beierus
302 2313 378 2361 solus
394 2309 512 2362 taedium
529 2318 557 2360 et
574 2311 730 2375 languorem
746 2311 799 2360 loci
812 2310 957 2360 defendere
969 2311 1097 2360 sustinuit
1109 2304 1137 2360 i'o
1150 2319 1222 2362 orat

170 2393 198 2444 p.
219 2378 308 2431 Tullio
333 2393 359 2442 p.
377 2377 420 2431 53.
449 2378 590 2431 lacobsius
607 2381 649 2431 sic
665 2379 842 2444 emendabat,
865 2387 895 2428 at
912 2379 1079 2429 tolerabilem
1095 2381 1223 2432 redderet

172 2449 349 2500 sententious
377 2449 413 2500 at
435 2448 468 2500 in
489 2460 522 2500 eo
546 2449 636 2516 libro,
665 2448 713 2499 aii
736 2461 768 2499 se
785 2449 939 2499 coeuntem
955 2460 971 2498 e
989 2452 1092 2499 senata
1107 2451 1138 2500 et
1153 2461 1220 2501 eom

169 2515 267 2569 Pansa
282 2520 385 2568 nostro
402 2518 432 2569 et
448 2530 513 2568 com
525 2517 650 2570 Οιινίοιιε
665 2516 724 2583 titio
736 2518 942 2583 concedentem
956 2518 1033 2584 facit
1040 2530 1052 2576 ,·
1074 2530 1139 2568 cam
1151 2530 1220 2570 aer-

170 2599 218 2638 mo
244 2588 321 2638 esset
342 2586 496 2638 institutos
518 2590 624 2639 senata
647 2588 752 2655 mbae,
780 2598 863 2653 qoem
885 2590 1018 2637 sanatam
1034 2586 1142 2638 Caesar
1158 2599 1218 2640 eos.

168 2655 329 2723 dehabeat,
348 2656 496 2722 omnaque
511 2655 561 2708 ille
575 2668 672 2708 sermo
685 2657 790 2707 dactus
803 2657 1046 2719 epercoatatiane
1060 2655 1128 2725 filii,
1146 2657 1219 2724 qaid

167 2724 201 2776 in
216 2728 320 2776 senato
335 2726 410 2777 esset
425 2728 531 2776 actam.
564 2722 597 2775 in
614 2738 671 2792 qao
686 2725 785 2776 maltis
795 2724 891 2776 certis
905 2736 969 2775 com
981 2725 1173 2786 inveberetur
1185 2728 1219 2779 in

166 2793 321 2847 Gaesarem
334 2792 440 2860 duria,
462 2794 675 2865 disputatioque
691 2797 767 2846 esset
777 2794 862 2855 ,inter
874 2807 937 2861 eos,
953 2797 988 2844 at
1002 2797 1048 2845 est
1060 2799 1219 2849 consuetae·

167 2863 207 2916 do
221 2863 414 2930 dinariorum,
430 2862 619 2929 reprehendit
633 2878 682 2916 eas
694 2876 754 2931 rea,
771 2876 843 2928 qaas
853 2864 929 2915 idem
941 2863 1049 2914 caesar
1060 2878 1138 2916 anno
1147 2867 1217 2930 poet

164 2936 197 2986 et
212 2933 346 2998 deinceps
362 2933 485 2999 reliquis
499 2933 584 2985 annis
601 2932 866 2986 administravisset
883 2933 916 2984 ia
931 2931 1034 2984 Gallia.
1069 2934 1217 2985 Schiitaius

166 3005 259 3054 tamen
281 3010 309 3052 et
332 3003 453 3054 Orellius
475 3004 618 3065 superiora
639 3003 690 3054 illa
707 3004 847 3053 delebant:
875 3014 941 3053 cam
956 3004 1089 3054 senatum
1105 3003 1216 3056 Caesar

165 3073 268 3122 consol
294 3071 447 3125 misisset·
499 3073 617 3134 [florum
639 3072 766 3122 iudicium
788 3071 894 3122 omnino
917 3073 1081 3133 probandum
1106 3083 1215 3125 censeo.

163 3141 234 3192 liam
250 3141 422 3203 primordium
440 3142 620 3209 narrationis,
644 3154 724 3206 quam
741 3140 838 3193 cicero
855 3155 904 3203 per
921 3143 1061 3192 anfractus
1080 3141 1215 3193 sermonis

163 3209 308 3261 familiaris
325 3210 397 3261 iusto
413 3211 520 3274 longius
537 3210 655 3275 diduxit,
685 3210 733 3261 ati
751 3223 782 3261 se
798 3211 952 3261 creantem
964 3232 1000 3248 -ι
1013 3213 1088 3263 esset
1104 3213 1215 3278 actum,

162 3274 192 3328 id
209 3286 293 3331 totum
312 3292 422 3332 scenam
439 3282 572 3344 quandam
591 3289 619 3332 et
636 3279 860 3343 opportunitatem
876 3281 1003 3342 colloquii
1016 3288 1214 3350 repraesentat,

163 3346 244 3397 cuius
267 3350 303 3401 ed
323 3349 455 3400 rationem
473 3357 521 3401 aut
537 3350 603 3400 nibil
619 3350 741 3402 interluit
757 3361 868 3400 eausam
885 3349 978 3399 afferri
995 3358 1122 3415 senatus,
1153 3357 1214 3419 aut,

162 3413 189 3463 sl
205 3422 296 3468 tamen
315 3430 375 3469 eam
388 3419 473 3481 promi
490 3419 580 3469 visum
596 3426 655 3485 est,
678 3417 803 3470 contiuuo
820 3418 869 3466 sub
887 3429 902 3467 e
918 3420 1022 3469 senata
1035 3417 1151 3480 oportuit
1161 3418 1215 3472 illa

161 3485 292 3552 proponi,
318 3496 384 3538 eom
400 3490 533 3540 renatam
548 3489 657 3541 Caesar
673 3490 774 3539 consol
789 3486 940 3538 latuisset
974 3489 1012 3538 At
1027 3488 1154 3551 interiore
1166 3489 1213 3538 lo-

161 3561 211 3616 co,
242 3566 304 3604 cum
325 3555 354 3605 lu
379 3567 527 3620 progressu
552 3558 741 3622 disputationis
760 3565 887 3621 quantum
906 3556 987 3607 curio
1006 3569 1055 3621 per
1071 3554 1213 3620 ignauam

158 3618 255 3702 lapsus
274 3630 350 3673 asset
365 3634 544 3689 quantumque
562 3627 614 3678 sibi
635 3629 695 3691 ipse
712 3634 892 3690 repugnasset
907 3626 1053 3677 monstrari
1072 3626 1212 3676 debuerlts

157 3700 208 3742 vix
223 3697 272 3743 aut
289 3692 378 3743 serius
395 3696 552 3759 apparebit,
577 3707 646 3762 quos
662 3695 879 3748 anachronismus
895 3695 949 3745 iste
966 3696 1090 3761 dialogus
1106 3696 1212 3749 conda·

155 3757 209 3826 rit,
224 3759 278 3812 uisi
294 3761 394 3815 mentio
412 3763 462 3818 dat
478 3766 512 3816 de
530 3763 651 3819 Caesare
665 3767 779 3819 consule
794 3765 977 3829 planissima]
1009 3786 1012 3791 ·

170 3909 553 3980 invehereturInGaesarem]
570 3915 641 3969 llulo
684 3917 810 3972 omnium
832 3916 968 3973 uirorum
985 3916 1136 3969 mediarana
1155 3925 1210 3982 ap*

118 3992 198 4042 quam
209 3984 333 4037 intensus
344 3985 429 4038 tuerit
441 3985 533 4054 Curio,
548 3988 641 4038 decla·
680 3992 779 4055 pellat.

103 4056 164 4112 ‘rat
190 4052 334 4104 suetonius
362 4053 443 4108 (lues.
472 4055 516 4109 ⁵2.
550 4057 640 4108 Cario
732 4059 884 4111 celaia.
912 4055 1020 4120 flagitii]
1037 4054 1112 4122 Sive,
1127 4064 1209 4118 quam

115 4119 204 4180 We?
243 4125 367 4189 mam
403 4138 469 4178 eum
506 4127 640 4178 oratione
681 4128 798 4193 turpiter
813 4135 944 4191 errasset,
961 4133 1142 4190 quantumque
1156 4125 1208 4174 de·

116 4187 243 4240 amatam
282 4194 438 4249 molieram
471 4193 571 4250 ciram
607 4199 638 4251 et
680 4198 764 4251 decus
778 4196 943 4252 admisimet.
