2676 4748
459 273 828 401 vusos-uramur.
963 362 966 371 ·
1102 417 1105 426 y
1191 336 1215 404 s

121 546 183 594 uon
204 523 352 589 audiendo
368 529 480 587 tantum
493 532 522 588 et
536 523 662 606 legendo
674 524 753 588 diem
767 529 986 604 consumerent,
1012 524 1064 587 sed
1078 527 1213 592 scriben-

119 632 169 696 dis
184 648 298 712 quoque
313 625 398 695 libris
415 646 534 706 operam
548 629 662 694 darent.
702 628 854 692 Nouenim
867 635 1093 693 cousentaneum
1106 629 1212 695 estlit-
1265 693 1268 697 ,

77 794 79 799 .
119 747 203 800 teras
218 735 371 796 Romanas
386 739 446 794 tam
459 727 562 812 inopes
576 732 647 796 olim
659 730 771 811 luisse,
801 748 888 812 quam
898 752 975 795 nunc
986 750 1039 812 per
1050 741 1212 814 temporum

118 839 261 905 iniuriam
275 844 303 900 et
315 837 460 899 iacturam
472 854 567 915 paene
580 834 723 898 infinitam
738 844 899 915 apparent..
910 837 1109 911 Davetcribus
1121 842 1212 923 igitur

120 946 229 1010 Cicero
258 939 423 1005 oratoribus
453 957 492 1003 ex
518 938 657 1018 ipsorum,
671 939 852 1003 orationibus
874 948 959 1021 atque
981 962 1020 1005 ex
1038 945 1210 1010 testimoniis
1279 964 1281 971 ·

121 1049 252 1112 aliorum
266 1052 418 1108 auctorum
429 1043 569 1106 iudicium
580 1043 666 1121 tulit3
693 1045 730 1106 de
745 1042 783 1106 iis
797 1050 905 1124 autem,
926 1034 999 1125 quos
1013 1046 1078 1126 ipse
1090 1051 1212 1131 audivit,

122 1170 184 1213 nou
203 1147 304 1212 aliena
323 1147 494 1210 anctoritate
516 1148 639 1230 egebat,
667 1166 769 1212 rernm
790 1165 843 1210 suo
866 1148 974 1210 iudicio
995 1168 1109 1215 summa
1126 1176 1212 1218 exer.

123 1251 263 1314 citatione
282 1249 490 1330 laboribusque
510 1248 632 1312 infinitis
653 1249 752 1311 limato
778 1257 806 1313 et
825 1246 954 1330 expolito
975 1271 1049 1315 usus
1064 1264 1117 1320 est.
1157 1258 1212 1322 Di.

123 1360 195 1417 cunt
209 1353 325 1432 quidem
338 1351 488 1431 nonnulli,
506 1350 687 1432 eloquentiae
699 1350 854 1415 Romanae
863 1353 981 1417 laudem
991 1355 1078 1418 nimis
1092 1360 1214 1425 auxisse

123 1457 319 1522 Ciceronemr
349 1462 378 1518 et
396 1455 529 1535 prolecto
549 1453 693 1532 inpriore
707 1452 776 1514 libri
791 1461 874 1532 parte
888 1457 1033 1521 veteribus
1048 1464 1212 1529 oratoribus

122 1561 217 1623 nimia
227 1558 403 1622 liberalitate
414 1559 560 1622 maximas
573 1556 695 1621 uirtutes
703 1557 812 1636 tribuit,
828 1575 935 1637 eosque
950 1558 1075 1626 Graecis
1087 1568 1215 1630 oratori.

122 1666 192 1745 bus,
216 1671 244 1726 et
257 1661 481 1743 perfectissimis
495 1661 627 1742 quidem,
646 1660 759 1724 similes
775 1680 841 1724 esse
855 1661 942 1738 uicit,
969 1664 1070 1729 sedin
1086 1674 1216 1736 extrema

122 1775 210 1850 parte
228 1768 386 1848 prudenter
398 1763 431 1826 iu
445 1782 513 1828 eam
527 1760 726 1844 quaestionem
739 1763 912 1846 digressus,
933 1773 1031 1829 utrum
1042 1768 1078 1831 de
1091 1769 1128 1834 iis
1145 1793 1216 1839 vere
1256 1766 1259 1773 ’

123 1871 321 1950 iudicaverit,
347 1887 387 1931 an
402 1887 504 1930 eorum
518 1868 622 1932 landes
637 1868 770 1947 auxerit,
801 1868 878 1930 hanc
892 1868 1076 1949 potissimum
1095 1893 1216 1944 causam

126 1976 233 2056 attulit,
254 1974 332 2055 quod
341 1971 468 2053 intelligi
482 1972 581 2052 vellet,
602 1978 731 2034 extante
745 1970 902 2035 dicentium
915 1992 1034 2037 numero
1044 1986 1130 2057 quam
1143 1970 1219 2060 pau.'

127 2079 157 2144 ci
173 2079 264 2160 digni
285 2076 412 2139 oratoris
432 2074 551 2137 nomine
571 2069 747 2139 evasissent.
797 2073 855 2137 Hic
875 2074 1058 2155 aliquatenus
1076 2080 1218 2150 iudicium

127 2202 217 2271 suum·
229 2180 371 2263 corrigia
390 2183 470 2257 patet
483 2182 580 2239 autem
592 2177 765 2242 Ciceronem
775 2176 836 2240 illis
849 2184 962 2243 tautum
974 2179 1128 2263 tribuisse,
1147 2206 1218 2265 pro-

127 2271 232 2368 pterea
246 2286 323 2368 qnod
335 2280 419 2347 multi
434 2281 637 2343 Romanorum
647 2279 735 2342 nimis
748 2280 847 2360 inique
861 2284 898 2345 de
910 2283 950 2345 iis
965 2283 1129 2350 indicarent
1141 2289 1219 2356 litte.

126 2385 540 2470 rasqueretereslastidirent.
572 2382 656 2466 [Non
667 2383 785 2462 repperi
796 2391 864 2446 tunc
875 2386 1014 2466 temporis
1022 2388 1217 2459 Romanoseo
1268 2368 1273 2387 ⁸

128 2492 248 2556 fastidii
260 2507 435 2571 progressos
450 2508 527 2569 esse,
541 2504 597 2567 quo
610 2483 812 2566 postbupusti
824 2485 1030 2566 principatum.
1056 2491 1116 2556 Sed
1129 2496 1218 2562 istam

127 2597 254 2658 laudum
266 2591 509 2674 magnificentiam
521 2597 750 2654 consentaneum
762 2596 806 2652 est
818 2591 857 2652 ad
871 2589 1024 2653 Ciceronis
1038 2611 1157 2660 sensum
1169 2618 1219 2662 re-

128 2697 247 2777 vocari,
262 2686 345 2776 quem
359 2704 472 2758 constat
484 2693 662 2777 antiquitatis
672 2692 825 2755 Romanae
839 2692 1085 2758 studiosissimum
1098 2697 1221 2785 fuisse]
1294 2686 1299 2692 ’

234 2800 427 2880 Conscriptus
439 2806 535 2863 autem
549 2800 658 2862 Brutus
672 2804 717 2860 est
729 2815 757 2862 a.
770 2796 845 2861 708.
858 2790 941 2879 (46.)
955 2795 1086 2862 Caesare
1104 2801 1221 2868 tertium

131 2904 264 2970 consule.
312 2902 348 2964 Id
372 2904 605 2983 hincapparet,
633 2903 710 2984 quod
729 2901 766 2966 L.
788 2896 973 2979 Torquatus,
1002 2899 1158 2987 Triarius,
1184 2907 1221 2976 Ρ.

130 3008 285 3086 benmlus,
307 3006 353 3071 Μ.
366 3006 509 3087 Calidius,
530 3003 652 3087 Calvus,
671 3002 827 3086 quicuncti
839 3019 868 3067 a.
881 3002 956 3070 707.
969 2997 1051 3088 (47.)
1061 3009 1237 3095 pertonans,

130 3113 207 3176 iuter
226 3111 372 3176 extinctos
393 3117 608 3173 enumerantur.
649 3107 760 3171 Deinde
783 3104 891 3168 Brutus
912 3116 950 3169 ex
965 3104 1041 3171 dsia
1060 3128 1154 3192 nuper
1170 3137 1231 3180 ro..
1275 3156 1277 3161 -

77 3266 79 3270 »
133 3234 237 3280 sersus
255 3234 322 3278 esse
338 3213 453 3278 dicitur.
492 3211 528 3274 ld
540 3230 611 3276 uero
627 3229 656 3277 a.
671 3213 746 3277 707.
763 3207 845 3295 (47.)
861 3216 962 3274 me'nse
977 3210 1149 3292 Septembre
1167 3218 1226 3285 rec-i

134 3316 244 3381 cidisse
266 3323 389 3381 constat.
431 3312 467 3379 V.
484 3311 612 3380 Cliuton.
623 3312 708 3379 Fast.
723 3314 755 3375 in
770 3332 798 3376 a.
817 3314 893 3383 707.
934 3313 1029 3396 Atque
1049 3317 1132 3381 initio
1150 3324 1222 3387 anni

134 3420 210 3485 708.
224 3417 391 3481 conlectum
401 3437 466 3481 esse
479 3418 564 3480 docet
573 3416 852 3498 Catonismemoria,
873 3417 923 3498 qui
937 3438 1005 3482 eum
1018 3438 1118 3485 meuse
1126 3422 1222 3504 Aprili

135 3520 239 3586 Uticae
248 3510 344 3585 'semet
359 3519 513 3602 occiderit,
533 3520 708 3586 interrivos
720 3522 897 3588 nominatur.
938 3523 1026 3586 Tunc
1039 3542 1088 3586 res
1103 3527 1222 3604 publica

135 3624 166 3689 iu
180 3632 325 3706 potestate
339 3623 479 3688 Caesaris
492 3632 573 3702 erat3
601 3644 722 3707 cumque
737 3626 915 3705 temporibus
928 3626 989 3690 illis
1003 3642 1121 3690 cursum
1136 3644 1221 3695 suum

134 3728 286 3794 emisisset
298 3728 423 3808 Cicero,
448 3747 541 3808 neque
557 3728 639 3792 aliud
655 3729 683 3793 ei
693 3729 828 3795 relictum
842 3738 935 3810 esset,
954 3727 1013 3792 nisi
1026 3729 1102 3791 utin
1114 3722 1221 3794 litteris

135 3844 168 3896 se
186 3833 384 3896 absconderet
401 3840 430 3896 et
443 3832 535 3895 libros
549 3832 723 3915 conficeret,
745 3852 783 3897 ex
796 3852 831 3897 ea
844 3854 878 3897 re
891 3830 1019 3914 intelligi
1035 3835 1146 3913 potest,
1164 3852 1220 3896 eur

135 3935 250 4016 omnia,
279 3952 353 4015 quac
370 3936 403 4001 ia
419 3935 477 4001 boc
501 3936 648 4003 uolumine
665 3937 702 4002 de
720 3936 873 4020 republica
891 3937 1044 4017 dicuntur,
1064 3938 1221 4002 tristem-ct

134 4036 320 4102 mlneratnn
340 4038 469 4104 animum
487 4042 650 4106 ostendant.
697 4040 762 4108 Neo
780 4049 877 4105 tamen
891 4043 967 4105 adeo
982 4039 1077 4105 dolori
1092 4060 1125 4104 se
1138 4040 1222 4104 dedi·
1296 4032 1300 4039 “

137 4140 189 4224 dit,
208 4149 244 4204 ut
257 4144 460 4210 accumberet
471 4162 553 4208 ruens
568 4151 654 4227 atque
666 4145 794 4229 animus,
815 4131 1011 4229 sed’gloriam
1023 4136 1140 4225 pristini
1152 4163 1225 4209 eur-

955 4243 1017 4312 les
