2676 4748
172 263 242 345 en
438 307 447 325 s
598 261 834 364 onor-ns.

173 452 392 521 manifestem-
408 472 480 535 rem
503 436 635 521 deferre
653 450 799 538 diceret,
826 451 988 543 dequeeo
1001 452 1142 539 numine
1158 475 1261 523 uocu-

172 550 247 609 rote
260 550 296 608 et
312 540 478 628 exquisite
494 537 758 627 disputavisset:
784 541 886 609 moin
904 538 1155 631 respondendo,
1182 565 1261 611 cum

173 651 283 697 essem
313 628 584 714 argumentatus,
617 622 780 716 quantum
799 651 856 707 ros
872 629 1023 713 *ferebam
1058 630 1120 696 hoc
1145 630 1261 720 ipsum

173 717 274 785 etiarn
296 715 455 805 posuisse
476 735 539 802 pro
564 723 779 800 argumento,
807 716 898 805 quod
923 719 1001 798 iile,
1032 739 1108 784 eum
1127 726 1261 805 postem

173 803 297 894 ospitis
317 804 391 884 sui,
418 824 492 890 cum
515 800 638 870 indicia
655 805 775 880 mortis
794 826 832 871 so
852 807 1056 894 comperisse
1079 805 1261 874 manifesto

173 897 209 959 et
230 912 329 957 manu
350 898 464 957 tenere
486 887 632 972 diceret,
660 900 732 959 tom
747 895 858 960 soluto
872 895 1024 978 egisset,
1040 898 1109 959 tom
1124 893 1262 977 leuiter,

171 988 242 1046 tom
264 978 460 1045 oscitanter.
502 980 580 1048 278.
614 974 780 1055 nonae,
805 979 999 1069 &Calida
1023 987 1089 1046 nesi
1098 979 1261 1066 fingeres,

172 1075 219 1132 sio
229 1064 379 1152 ¹uergeret?
408 1073 605 1152 praesertim
626 1089 699 1133 cam
718 1073 787 1134 istu
804 1068 991 1154 eloquentia
1006 1070 1187 1155 alienorum
1200 1068 1262 1149 Iro·

242 1225 305 1279 27⁷.
339 1224 424 1286 deque
440 1225 499 1286 en]‚
512 1236 546 1277 eo
562 1227 674 1279 cm.ed.
691 1237 734 1293 pr.
1014 1233 1020 1245 ·

242 1294 355 1353 leniter]
379 1291 486 1355 leuiter
502 1297 545 1349 ed·
562 1307 605 1356 pr.
684 1297 700 1319 ²'
748 1292 751 1297 “
777 1306 780 1311 ⁴
813 1311 815 1316 ·
842 1302 857 1325 -·
1127 1301 1132 1315 ²

183 1378 187 1383 ·
242 1364 305 1416 27&
339 1365 380 1413 sie
392 1364 503 1426 ageres]
528 1365 603 1415 ilaec
621 1363 703 1425 paulo
717 1361 830 1416 mutatis
846 1360 941 1416 verbis
956 1360 1069 1424 Quintil.
1081 1362 1134 1432 xl,
1151 1364 1179 1431 8,
1197 1359 1262 1419 stt.

207 1431 304 1491 affert:
321 1433 564 1497 l'rbopraestare
575 1432 890 1498 debetprcnonciatto:
907 1432 1054 1499 concaui,
1068 1432 1263 1503 persuadeat,

209 1504 334 1554 moneat.
367 1501 568 1554 Persuadendi
590 1500 858 1570 nissaffi'rmotione
881 1503 1013 1570 constat,
1043 1515 1116 1567 eoae
1138 1502 1262 1555 interim

206 1573 275 1638 ptos
290 1569 360 1634 ipsis
374 1571 589 1636 probationibus
605 1572 705 1624 vaiet-¹
726 1573 778 1626 An
794 1572 886 1640 ista,
908 1571 1004 1637 inanit
1019 1571 1128 1624 catam
1146 1570 1262 1640 acmo,

207 1639 243 1691 si
266 1652 361 1692 uera
387 1643 532 1706 essent,
562 1641 617 1692 sie
638 1656 659 1693 a
680 1642 717 1694 te
741 1634 988 1695 dicerentur?
1024 1643 1072 1708 et,
1101 1641 1262 1692 Tantam

207 1709 330 1776 abest,
360 1712 406 1762 ot
429 1711 696 1776 inflammares
724 1714 879 1764 nostros
906 1709 1063 1761 animos:
1084 1722 1264 1763 somnam

207 1778 389 1830 istotoco
410 1781 475 1832 oia
499 1781 725 1833 tenebamus.
760 1779 1003 1844 idemsuprsxl,
1021 1780 1262 1849 t,123.l·⁷emar

208 1848 307 1917 ferire
331 1850 362 1900 et
384 1850 527 1900 usitatam
549 1851 594 1901 est
616 1852 646 1901 et
661 1848 847 1914 indipnantes
864 1848 945 1900 dccet
963 1851 993 1903 et
1010 1848 1124 1917 emeitat
1141 1849 1264 1900 andito·
1309 1900 1311 1907 Α

208 1928 281 1968 rem.
314 1915 400 1983 idque
416 1918 448 1968 in
464 1917 573 1968 Cotidie
589 1917 690 1969 Cicero
706 1918 873 1969 desiderat.-
901 1918 933 1968 N
940 1929 985 1968 on
998 1918 1138 1984 frons,
1151 1918 1262 1985 inqut,-

205 1998 410 2050 percassa,
440 2000 509 2036 non
527 1988 662 2054 semar.
698 1986 782 2036 istam
801 1987 962 2049 scripturam
979 1988 1151 2049 praeferebat
1170 1989 1261 2038 sobb-

208 2054 295 2106 tuius.
329 2057 384 2105 Sed
400 2057 480 2118 longe
497 2056 614 2106 validior
630 2058 698 2107 haec
715 2055 873 2107 collocatio:
899 2057 986 2123 frons
1006 2069 1063 2107 non
1075 2068 1228 2120 percussa.

242 2124 404 2185 praesertim
421 2124 496 2183 cnm]
521 2124 553 2175 ln
572 2127 621 2174 irco
635 2125 695 2174 loco
708 2127 853 2176 haeserunt
865 2122 1042 2191 interpretes,
1067 2126 1112 2189 qni
1126 2125 1185 2176 ista
1199 2127 1262 2177 etc-

207 2191 329 2258 paentia
354 2192 382 2243 in
404 2193 606 2256 vituperatione
621 2201 758 2256 ponerent.
793 2195 830 2243 Ut
845 2193 1042 2244 Rillerbeckius
1058 2193 1262 2257 interpretabu-

208 2268 269 2313 tur:
298 2268 378 2326 tune,
406 2274 467 2313 cum
486 2263 645 2323 praesertim
664 2262 746 2314 etium
762 2271 891 2325 patronus
909 2262 1058 2313 alienorum
1076 2265 1262 2326 periculorum

208 2326 512 2394 languidius'ocilioet
535 2331 680 2386 acerrime
709 2343 759 2394 per
783 2332 936 2384 irrisionem
959 2330 1060 2382 dictum
1082 2333 1262 2394 opinabatur)

208 2411 293 2462 agere
314 2401 422 2466 soleas,
451 2407 526 2450 tuum
545 2401 632 2463 ipsius
656 2400 801 2452 discrimen
825 2409 880 2455 tam
903 2400 1071 2464 negligenter
1095 2396 1262 2464 acciperes?

207 2468 268 2532 nge
285 2469 449 2523 contrarium
460 2469 509 2537 ,nis
526 2471 613 2531 tutuo
631 2482 758 2520 sensnmt
786 2478 815 2523 tu
834 2471 875 2520 sic
891 2471 989 2520 leniter
1003 2470 1032 2519 in
1053 2471 1161 2533 proprio
1183 2471 1262 2532 peri-

207 2538 270 2587 culo
283 2550 395 2607 ageres,
418 2540 577 2600 praesertim
595 2553 655 2591 cum
671 2539 785 2601 aliorum
801 2540 924 2602 pericula
941 2545 988 2588 tua
1003 2539 1115 2603 egregia
1129 2542 1262 2604 eloquen-

210 2603 251 2658 tia
275 2615 329 2658 tam
351 2606 452 2658 neuter
474 2609 620 2661 defendere
647 2602 760 2660 soleant
787 2620 823 2659 un
842 2609 872 2659 in
894 2608 1001 2671 proprio
1022 2609 1142 2670 periculo
1159 2609 1263 2671 capitis

209 2688 288 2726 esses
305 2675 438 2741 frigidus,
461 2676 490 2728 in
506 2678 620 2732 oliorum
636 2677 768 2739 periculis
784 2678 902 2729 disertus
920 2684 947 2726 et
964 2688 1029 2727 acer
1047 2672 1159 2730 oratori
1181 2678 1262 2730 Gali·
1290 2692 1298 2716 s

138 2808 143 2813 ·
209 2744 270 2794 dius
288 2744 403 2795 enimin
420 2746 575 2797 defensione
594 2745 804 2812 disertissimus,
829 2745 857 2797 in
874 2741 1047 2796 accusatione
1060 2747 1174 2807 frigidus
1189 2755 1262 2800 erat.

209 2813 357 2875 [Nimirum
373 2814 547 2866 Billerbeokii
563 2815 633 2867 ratio
647 2815 701 2866 init
717 2815 847 2866 habenda.
881 2816 934 2864 Sed
957 2815 1129 2878 peritissimis
1153 2815 1261 2867 criticis

208 2881 310 2946 aliquid
328 2881 418 2933 scabri
431 2883 573 2935 videbatur
586 2885 615 2935 in
627 2883 684 2935 isto'
693 2884 837 2935 verborum
850 2884 1039 2945 compositione
1053 2885 1178 2952 latitare,
1196 2899 1262 2938 cnm

118 3008 123 3015 ¹
208 2951 273 3015 ipso
290 2950 454 3003 continuatio
470 2955 646 3005 membrorum
665 2964 768 3018 operes
784 2961 812 3003 et
827 2953 988 3018 neptiperes
1005 2961 1187 3015 praeterreri
1204 2955 1261 3005 im-

207 3022 294 3073 misso
306 3022 485 3087 praesertim
500 3022 695 3086 interpelletur.
728 3023 823 3085 ltaque
840 3023 986 3072 Lambinus
1003 3024 1178 3074 succurrebat
1193 3037 1261 3086 spe-
1303 3085 1305 3089 Ι

209 3089 300 3140 eicse:
325 3091 369 3141 sic
385 3103 505 3159 operes,
530 3091 707 3156 praesertim
723 3092 781 3146 ista
798 3085 982 3156 eloquentia?
999 3103 1073 3144 eam
1093 3093 1261 3146 alienorum

209 3167 263 3210 eto.
296 3156 381 3211 cuius
398 3161 569 3225 coniectura,
592 3172 750 3225 quamquam
763 3161 895 3224 superiori
906 3161 1024 3210 membro
1037 3162 1194 3225 languorem
1202 3164 1260 3221 ,ad-

208 3228 267 3296 dit,
295 3237 418 3291 praestat
439 3238 536 3281 temen
559 3231 757 3282 lebdtzianoe:
780 3224 907 3297 operes?
931 3232 979 3294 ta,
1004 3229 1062 3280 ista
1077 3231 1261 3296 praesertim

103 3300 107 3322 ¹
138 3348 143 3366 ‚
208 3299 371 3364 eloquentia
387 3311 452 3351 cnm
467 3300 554 3351 alien.
587 3299 737 3352 Fatendum
754 3311 820 3351 sane
836 3298 1010 3366 Ciceronem,
1039 3301 1086 3363 qui
1101 3301 1261 3354 memoriter

208 3365 265 3419 ista
292 3369 400 3421 videtur
427 3371 577 3431 recitasse,
615 3370 676 3430 ptus
697 3367 803 3420 lenitati
827 3367 958 3418 sermonis
980 3367 1124 3419 familiaris
1146 3366 1262 3420 dedisse'

209 3447 291 3498 quam
313 3437 452 3500 splendori
474 3438 598 3497 dictionis
618 3437 744 3488 lorensis.
779 3439 850 3488 Nam
867 3437 917 3489 illa
932 3437 1111 3500 praesertim
1127 3449 1191 3488 eam
1203 3469 1212 3485 .
1226 3469 1259 3488 ..

208 3504 355 3557 acerrime
371 3509 479 3575 soleas,
504 3519 572 3570 quoe
590 3507 725 3556 cumulum
741 3508 874 3569 quendam
887 3506 977 3557 laudis
992 3508 1037 3564 (ut
1050 3508 1077 3556 in
1090 3521 1114 3557 c·
1125 3507 1171 3560 77.
1189 3514 1259 3558 cnm

206 3575 384 3638 praesertim
399 3589 456 3626 non
473 3579 547 3630 esset
564 3577 686 3629 orator.-
706 3585 774 3642 nos,
797 3576 835 3626 du
852 3576 892 3626 da
903 3575 1052 3627 sonst‘mt't
1064 3577 1147 3627 uitem
1158 3574 1260 3627 Fertor

74 3630 108 3675 ’κ
209 3643 265 3693 der
286 3645 505 3696 Beredsambeit
531 3644 603 3713 dieb⁸
622 3647 676 3700 der
698 3645 845 3696 Fremden
866 3644 899 3694 in
920 3643 1007 3695 ibren
1030 3643 1178 3713 Gefobren
1220 3659 1261 3696 n-

163 3726 167 3737 ·
207 3712 341 3774 nimmrt)
366 3717 542 3777 praetendunt
558 3714 777 3779 reprehensioni,
806 3722 862 3764 tam
880 3714 1049 3777 negligenter
1066 3722 1129 3767 sunt
1146 3725 1178 3766 oc
1210 3727 1261 3767 or-

19 3782 24 3793 '
43 3766 49 3773 ’
110 3815 115 3824 .
207 3790 297 3852 moto,
319 3791 351 3836 ut
367 3784 491 3849 ambigue
508 3784 579 3837 inter
594 3791 735 3851 utrumque
751 3783 899 3839 membrum
912 3785 1070 3850 pendeant]

171 3934 520 4010 uidetirittamnefariam
530 3940 692 4011 mutierem,
734 3939 941 4006 conseripstsse
957 3937 989 3991 i.
1012 3953 1037 3992 s.
1065 3938 1134 3993 flete
1155 3936 1262 4007 indieie

170 4007 295 4071 iudices,
326 4012 425 4064 eadem
442 4026 543 4081 mana,
571 4027 642 4081 qna,
665 4012 694 4064 st
733 4024 884 4065 servornm.
1032 4054 1035 4061 .

87 4128 91 4134 ,
162 4077 589 4149 ¹detorpotestas*interficere
602 4081 692 4146 filiam
736 4104 739 4123 ι
785 4089 890 4142 pestem
909 4076 1009 4144 eapitis
1026 4076 1084 4141 sui]
1113 4078 1259 4131 Venenum

170 4147 284 4213 amini,
301 4149 375 4203 bane
387 4150 484 4218 fictam
497 4152 692 4219 qaaestionem
732 4149 810 4204 illud.
