2676 4748
127 316 182 388 oo·
307 306 313 324 ·
400 388 403 395 ,
549 268 825 394 ulturus,v

127 502 282 593 proxima
307 500 485 573 adiunctas
508 503 551 576 0.
576 505 716 574 Drusus
737 508 846 575 irater
866 505 944 577 luit.
992 506 1092 576 Tuus
1112 508 1220 581 atiani

130 594 287 678 gentilis,
309 589 429 674 Brute,
450 592 498 663 iti.
512 591 648 662 Pennus
662 595 764 662 facile
778 596 921 682 agitavit
934 596 970 662 iu
983 597 1160 664 tribunatu
1174 598 1220 671 G.

131 681 338 759 Gracchum,
364 681 502 768 paulurn
523 688 634 748 aetate
649 684 861 763 antecedens.
902 684 970 749 fuit
981 685 1068 752 euim
1085 685 1134 753 M.
1150 685 1219 752 Le-

127 768 212 858 pido
225 774 262 835 et
270 767 315 838 L.
324 764 453 835 Oreste
465 770 664 837 consulibus
677 777 840 859 quaestor
853 770 1038 855 Gracchus,
1056 773 1219 842 tribunus

140 916 143 927 Ι
196 956 308 1028 paulum
321 963 427 1023 acute]
449 965 569 1030 pomam
585 973 637 1015 om.
649 963 692 1014 ed.
705 974 748 1028 pr.

183 1127 354 1198 dui-usus]
390 1135 422 1186 is
450 1133 481 1186 ln
512 1143 653 1190 senectute
691 1132 1216 1209 tiocoutralegentl’eunimemoratur,

131 1218 233 1258 caecus
261 1204 336 1254 tuit.
363 1205 473 1256 tuscul.
492 1206 529 1272 V,
551 1207 595 1259 38·
620 1204 652 1257 0.
693 1203 815 1258 auctoris
833 1216 930 1257 nomeu
954 1206 1015 1257 sola
1034 1206 1129 1258 nititur
1147 1221 1216 1259 con-

129 1274 345 1328 Dramidomam
356 1273 523 1340 completio
535 1276 653 1326 comui·-
692 1275 806 1325 iectura·
839 1275 984 1328 walterus
997 1282 1086 1327 tamen
1108 1292 1137 1341 p.
1150 1276 1214 1330 245.

128 1344 241 1398 toritas
255 1343 372 1394 solitam
384 1343 562 1408 recommota.-
575 1348 652 1412 cam,
692 1356 728 1395 ea
743 1332 849 1395 ratiorie
871 1344 948 1395 litem
967 1351 1061 1394 causet
1083 1345 1217 1396 dirimen-

129 1425 255 1482 qaoram
268 1425 318 1464 res
331 1415 409 1465 esset
416 1446 427 1481 ,
451 1427 505 1464 ssia
524 1413 581 1477 ipsi
593 1427 652 1464 aon
692 1415 763 1479 darn,
774 1421 805 1463 ut
817 1414 904 1477 legem
912 1413 1214 1482 Pcuniadperegrinos,

127 1483 275 1549 coaetant,
292 1494 408 1534 caecum
419 1482 587 1534 adhibebant
595 1485 652 1534 da·
692 1482 824 1533 Fanniam
849 1484 884 1534 ad
911 1483 1028 1534 lratiuos·
1050 1489 1078 1532 et
1098 1484 1214 1535 italicos

129 1566 199 1605 cem.
234 1553 356 1601 Eundem
370 1555 403 1602 de
416 1553 475 1602 iure
488 1552 564 1602 civili
578 1565 653 1602 com·
693 1551 856 1614 pertinuisse
868 1553 1020 1602 contendat.
1042 1553 1214 1618 [Rectaqu-

126 1621 254 1687 posuisse
266 1621 351 1674 lilnos
366 1628 460 1673 auctor
473 1622 652 1680 estValerius
667 1684 670 1691 ,
693 1622 754 1670 dem
761 1635 770 1685 3
785 1633 871 1685 nequa
884 1633 996 1672 causam
1008 1621 1163 1684 excogitare
1173 1622 1213 1675 li-

128 1695 202 1744 tiax.
214 1691 302 1758 vili,
317 1690 351 1758 7,
368 1687 395 1741 t.
433 1689 519 1752 [Nihil
535 1691 563 1741 lu
582 1693 651 1742 hauc
691 1697 753 1756 oet,
772 1703 821 1740 cur
833 1691 922 1753 legem
935 1703 1011 1755 earu,
1034 1691 1112 1742 cuius
1124 1703 1213 1758 argu-

128 1756 291 1811 senteutiam
309 1760 358 1810 ille
374 1760 408 1809 de
425 1770 509 1812 caeco
524 1772 588 1810 seue
599 1771 651 1823 po-
675 1767 808 1810 ¹utentum
830 1761 900 1810 liaud
926 1759 1026 1810 leviter
1049 1761 1084 1811 ab
1104 1760 1213 1815 Fannia

127 1830 181 1883 tuit
200 1830 300 1880 litteris
315 1831 460 1897 mandare,
483 1831 533 1880 sed
547 1828 663 1881 oratio-v
689 1829 865 1896 discreparet,
879 1829 993 1882 al’cuuo
1002 1828 1150 1882 abiudicari
1159 1844 1212 1893 pa-

126 1912 188 1952 nem
205 1906 236 1950 ut
258 1900 329 1949 solet
347 1897 511 1950 calamistris
530 1897 649 1951 inustam
689 1898 795 1950 tiamur.
830 1900 883 1948 Sed
903 1900 973 1948 huuc
992 1901 1055 1962 lege
1074 1899 1107 1949 de
1126 1913 1210 1963 pere-

126 1966 313 2021 obscuriorem
325 1967 416 2018 offecit
430 1970 513 2018 hauc:
538 1967 588 2033 qai
598 1981 651 2019 ae·
690 1968 776 2030 griuis
789 1966 923 2033 effecisse,
943 1975 973 2017 ut
988 1968 1128 2019 Gracchus
1144 1969 1211 2020 irri-
1248 1988 1251 1992 ’

127 2038 202 2092 tato
212 2037 322 2089 struas
333 2038 363 2088 et
372 2036 591 2088 mecastoriam
597 2038 650 2088 de·
689 2043 793 2088 teretur
803 2039 888 2101 (quae
901 2038 1049 2100 produntur
1061 2037 1089 2087 in
1097 2039 1209 2105 Fragm.

69 2165 70 2168 Ἴ
130 2105 650 2178 femmmctollepopalobenipais-
689 2103 778 2158 orato.
798 2105 1172 2171 p.119.]‚idnovumest]

125 2177 426 2240 simeiaterpretatas
442 2177 503 2241 est,
526 2175 650 2226 auisset-
741 2175 839 2235 facile]
872 2175 957 2225 idad
977 2175 1063 2226 Penni
1081 2176 1208 2238 peritiam

127 2246 348 2314 maquedistere
357 2244 390 2295 to
399 2243 576 2310 contentione
585 2257 648 2296 mo-
688 2240 793 2294 diceudi
804 2244 930 2310 pertinet,
944 2243 1023 2308 eique
1032 2245 1208 2297 laudemelo-

125 2313 452 2379 numeniacomposolt..
478 2314 581 2379 idest,
604 2313 648 2364 di-
688 2312 814 2375 quentiae
834 2314 935 2363 tribuit.
977 2312 1076 2376 [Quasi
1095 2315 1208 2369 facilem

125 2387 270 2450 sciplinam
295 2383 421 2450 tradidit,
450 2394 521 2445 quac
542 2395 646 2436 memo·
687 2382 777 2434 locum
798 2381 960 2451 interpretas
981 2383 1081 2432 leviter
1104 2386 1208 2436 habuc-

52 2508 55 2516 ,
125 2454 477 2520 riamsenispropagaret.]
687 2458 760 2502 runt.
782 2448 1208 2521 rennusverocraocaomapt·

686 2521 781 2588 tacit,
801 2520 847 2585 qui
868 2528 924 2571 tum
937 2522 1064 2583 temporis
1077 2532 1206 2586 quaestor

178 2596 216 2645 Μ.
230 2592 352 2653 Pennus]
368 2592 406 2642 Μ.
419 2586 513 2642 lunius
527 2587 645 2655 Pennus,
685 2589 715 2640 iu
728 2589 852 2642 sardinia
865 2592 1002 2655 tenderat,
1026 2603 1077 2641 nec
1096 2605 1207 2655 rempu-

123 2663 197 2715 filius
210 2663 270 2713 eius
283 2662 330 2725 qul
343 2673 405 2710 cum
417 2660 449 2720 0.
456 2658 535 2708 Aelio
549 2670 574 2708 a.
582 2657 645 2710 687.
685 2657 785 2709 blicam
797 2659 883 2709 adlruc
896 2653 1053 2722 attigisset?
1077 2667 1106 2711 et
1118 2662 1206 2729 facua

88 2759 91 2772 ι
124 2734 222 2784 consul
239 2730 308 2797 tuit,
333 2730 496 2779 tribunatum
510 2725 597 2788 gessit
615 2738 644 2778 a.
686 2726 792 2790 quidem
818 2727 943 2794 epitacii
966 2727 1098 2788 homiuem
1115 2731 1146 2782 in
1161 2731 1205 2785 dl-

123 2805 186 2854 628.
194 2802 294 2864 (ila),
311 2795 644 2863 quoipsoannocmlrac-
686 2796 771 2846 cando
784 2796 1013 2864 potentissimum,
1039 2799 1118 2849 cuius
1132 2799 1204 2852 luter

19 2856 22 2861 ¹
124 2875 191 2921 citus
211 2875 338 2933 quaestor
350 2867 379 2917 iu
391 2865 540 2916 Sardiniam
554 2863 645 2914 abitu·
684 2864 859 2915 adversarios
872 2865 1076 2918 nemoi’euuum
1088 2871 1204 2920 rettule-

124 2954 173 2992 rus
187 2946 255 3006 erat,
273 2938 343 2987 unde
355 2934 461 2985 biennio
473 2941 535 2995 post
547 2933 643 2983 aoso.
683 2926 741 2984 rit?
770 2934 845 2993 Quae
859 2934 883 2983 si
894 2943 1059 3003 reputamus,
1075 2921 1204 2990 nonlicet

123 3005 336 3061 Romamrediit.
367 3001 552 3066 apricitas
562 2998 642 3051 Otiic.
682 3000 806 3054 dubitare
817 3002 882 3067 quiu
893 3002 1054 3055 Graeclam
1067 3007 1203 3058 coirede-

122 3080 184 3143 111,
202 3079 252 3139 11,
269 3072 314 3128 47.
338 3073 407 3138 quod
428 3073 537 3122 Pennus
552 3071 643 3134 legem
682 3073 746 3122 teat
760 3084 820 3123 cum
833 3071 891 3121 illis
901 3075 1020 3137 pomam
1036 3077 1134 3127 aetate
1146 3090 1202 3128 aar·

122 3150 156 3198 de
177 3144 327 3210 peregrinis
347 3143 408 3193 sive
428 3143 463 3191 dc
477 3140 583 3190 civilius
595 3152 642 3190 ra·
683 3141 825 3194 rectaene.
848 3141 957 3193 Vellem
968 3146 1062 3196 eadem
1074 3156 1156 3208 opera
1167 3147 1203 3197 de

123 3217 220 3279 gaudis
247 3214 344 3264 tulisse
368 3208 483 3275 dicitur,
527 3208 641 3260 Balarus
682 3211 811 3273 proximis
829 3207 957 3264 iudicium
981 3213 1077 3277 tieret,
1103 3214 1202 3277 quitus

122 3284 254 3336 Fannium
268 3282 416 3347 substituit,
433 3292 494 3330 cuin
506 3291 524 3330 a
536 3277 641 3330 Fannio
682 3291 735 3329 uou
753 3281 839 3332 liabeo
865 3292 916 3342 quo
941 3290 1021 3343 patto
1044 3295 1202 3336 succurram

121 3354 233 3411 consule
256 3364 282 3402 a
307 3355 368 3402 632.
397 3351 426 3400 in
448 3348 584 3400 tribunatu
607 3346 639 3397 c.
681 3347 735 3398 uisi
755 3347 875 3410 depulsis
888 3349 920 3401 in
939 3351 1106 3416 tribunatu,
1130 3364 1203 3414 quae

21 3450 23 3456 ,
121 3419 239 3473 Gracchi
251 3422 340 3482 legem
354 3421 387 3470 de
399 3419 526 3483 civitate,
543 3419 578 3468 de
592 3428 639 3466 so-
680 3417 785 3469 lihrarii
798 3417 965 3479 repetierant
985 3432 1001 3470 e
1018 3421 1136 3469 membro
1150 3434 1202 3472 su-

120 3492 171 3541 ciis
186 3486 437 3540 etnomiueiratiuo
453 3486 531 3546 [vida
544 3489 639 3548 626.)
680 3487 795 3549 periore.
824 3488 883 3538 iam
896 3488 1021 3555 efficacit
1034 3488 1201 3542 etsinovuut

118 3563 203 3612 latam
221 3570 284 3607 esse
304 3565 418 3608 constet.
452 3555 536 3607 cuae
548 3556 638 3617 opinio
680 3564 724 3607 est
751 3567 787 3605 ue
805 3557 895 3608 addito
916 3560 1021 3622 quidem
1037 3556 1146 3608 nomiae
1164 3561 1201 3611 dc

119 3642 186 3681 saue
199 3626 344 3691 prooaoiiis
357 3638 420 3676 esse
433 3625 549 3675 videtur.
566 3626 637 3677 Nam
678 3625 776 3675 mentis
790 3626 1017 3693 agitationem,
1039 3624 1199 3681 ciceronem

118 3701 227 3750 Pennus
240 3696 266 3745 si
280 3707 305 3745 a.
318 3695 378 3746 628.
402 3697 491 3757 legem
508 3694 542 3744 de
555 3707 635 3755 pere-
676 3694 788 3759 opinor,
811 3695 889 3747 ouius
903 3704 979 3748 extat
990 3696 1055 3746 item
1072 3695 1200 3760 singula·

119 3768 206 3833 grinio
217 3779 252 3816 ex
266 3764 348 3816 ltalia
363 3762 503 3813 eliciendis
516 3763 634 3830 tulisset,
676 3764 716 3815 ris
729 3763 812 3814 dictio
825 3765 858 3812 de
872 3764 962 3816 Divin.
974 3766 997 3829 1,
1015 3768 1059 3815 29.
1078 3777 1112 3816 ea
1121 3778 1196 3830 par-

117 3850 232 3901 quouam
250 3842 330 3898 pacto
349 3827 526 3898 ξενηλασίαν,
555 3840 636 3894 quat-
676 3835 707 3884 te
726 3832 816 3884 calmi
832 3846 905 3899 quoe
917 3835 1022 3886 meatto
1035 3836 1068 3886 et
1082 3833 1198 3887 camuli

118 3919 179 3960 tuor
190 3906 269 3958 aunis
276 3900 634 3968 postlcgei'anniaiactam,
675 3903 721 3952 eat
733 3903 847 3968 capitata
858 3907 889 3955 et
903 3907 1020 3970 erecta,
1036 3905 1196 3957 facultatem

116 3985 243 4039 tauquam
254 3985 352 4025 novam
369 3979 398 4022 et
412 3970 548 4019 insolitam
560 3981 635 4018 com·
675 3970 759 4021 Penni
779 3973 963 4039 significasse,
987 3971 1034 4038 qui
1049 3973 1197 4036 quamuoct

116 4056 267 4099 memorare
288 4041 375 4106 potuit
397 4039 558 4090 Plutarchus
589 4038 634 4097 (c.
674 4038 703 4089 iu
716 4046 821 4099 partem
834 4041 973 4093 auditores
985 4045 1154 4104 pertraheret
1166 4050 1197 4094 et

116 4114 232 4165 Gracchi
257 4124 282 4162 o·
303 4105 386 4169 izi?
424 4109 505 4170 Apud
523 4107 633 4158 Festum
673 4118 819 4162 commotos
837 4111 925 4163 semel
940 4111 1194 4166 mumurati.

115 4195 183 4236 vero
199 4196 225 4247 p.
239 4183 299 4233 266.
318 4176 418 4235 altit.
432 4176 550 4231 dracchi
566 4186 633 4233 ora,
672 4179 873 4244 conmiserat]
