2676 4748
576 323 782 416 crucias·
926 406 935 423 ,
1139 332 1221 407 211-

120 509 297 583 cxxiii.
323 513 405 584 254.
425 510 516 581 Turn
532 510 684 597 Brutus,
701 509 827 581 Amica
839 509 995 593 hercule,
1014 510 1145 620 inquit,
1165 525 1203 589 ei

120 602 296 687 magnilica
317 608 353 667 ta
372 599 547 668 laudatum
569 608 671 690 puio,
700 620 800 705 quant
813 621 880 667 uon
893 601 1002 667 solum
1018 605 1202 694 prinoipem

121 697 226 841 aigne
245 683 454 840 inventorem
475 689 591 793 copiae
607 688 784 842 «immisi
828 709 868 753 aa
886 694 962 793 erat
979 709 1099 795 moena
1112 692 1202 800 laus,

119 782 802 950 iititiifflptltii'illetillml-
824 780 1202 948 liittlltlttiii
1283 847 1286 857 ·

120 959 183 1017 aut
202 957 355 1041 ereptum
370 951 443 1017 illis
457 956 531 1030 esi,
556 955 615 1017 aut
629 956 720 1016 certe
734 949 831 1015 nobis
844 970 920 1014 curn
935 950 1007 1016 iilis
1019 956 1203 1024 eommuni-

119 1044 246 1107 oaiunt.
285 1039 364 1106 25⁵.
386 1035 483 1104 Hauc
499 1042 630 1117 autern,
650 1037 779 1124 inquit,
800 1037 942 1121 gloriam
957 1038 1203 1111 testimouium-

118 1145 186 1214 qua
195 1122 354 1194 Caesaris
364 1129 445 1190 tuae
457 1123 591 1212 quidem
603 1124 843 1213 supplicationi
853 1145 932 1208 uon,
952 1123 1202 1219 eadtriumphis

153 1321 310 1377 sectentur3
330 1324 395 1365 narn
410 1309 478 1364 illud
493 1312 664 1378 eloquentiae
680 1318 790 1384 igetius,
812 1316 883 1378 quod
905 1326 1030 1369 sermone
1048 1320 1202 1383 quotidiano

152 1392 184 1437 et
198 1384 390 1436 consuetudine
406 1384 555 1434 domestica
572 1391 696 1452 constat3
717 1398 788 1435 nuno
800 1385 959 1437 derelictum
975 1394 1019 1437 est
1035 1396 1063 1438 et
1080 1402 1202 1444 contern-

153 1461 237 1517 ptunr.
271 1453 417 1515 [Equidem
433 1451 461 1503 iu
479 1453 561 1503 tantis
577 1453 692 1507 dumetis
710 1454 773 1517 quid
788 1464 841 1504 nou
857 1468 954 1505 verunt
971 1455 1007 1504 sit
1024 1446 1104 1508 citius
1122 1475 1202 1523 quarn

152 1523 217 1587 quid
232 1532 329 1572 verant
344 1527 372 1571 et
388 1520 573 1573 necessarium
589 1521 711 1575 dixerim.
744 1523 787 1573 Ac
800 1522 988 1581 ⁸defensionem
1003 1524 1084 1577 istam
1100 1532 1201 1594 vulga-

151 1599 200 1642 tae
217 1590 368 1653 scripturae
384 1601 544 1653 perversam
560 1602 625 1642 esee
643 1599 772 1659 apparet,
795 1591 926 1654 siquidem
943 1605 978 1645 ea
995 1596 1099 1659 colligit
1111 1607 1138 1648 et
1152 1613 1201 1651 ar-

151 1660 332 1723 gumentando
350 1659 502 1722 concludit,
532 1670 602 1722 quae
616 1659 701 1723 priori
718 1660 868 1711 sententiae
887 1672 1000 1725 prorsus
1016 1663 1070 1714 sint
1093 1667 1201 1719 dissen-
1274 1672 1279 1699 ¹

152 1737 252 1780 taueat
274 1727 398 1778 nimirm
415 1727 440 1778 si
455 1727 502 1791 qui
514 1727 657 1781 dictionem
669 1729 790 1790 expolire
803 1730 911 1779 student
923 1736 952 1780 et
962 1729 1129 1799 illuminare,
1147 1749 1201 1790 nou

151 1797 279 1848 continuo
290 1795 420 1861 sequitur,
436 1795 619 1860 quotidianum
631 1809 779 1849 armonem
793 1810 857 1847 esse
869 1803 1095 1851 contemnendum.
1120 1806 1201 1858 Haud

152 1864 194 1918 ita
210 1864 293 1917 tutior
309 1865 482 1923 coniecturae
500 1865 571 1917 ratio
586 1878 656 1917 nost
669 1878 727 1932 pro
743 1867 852 1919 relicto·
861 1868 906 1918 eet
918 1865 1097 1922 iciendum?
1111 1876 1200 1925 'cuius
1303 1888 1306 1895 ·

152 1935 216 1998 ipsa
232 1934 389 1999 conpositio
401 1935 576 1986 vehomenter
588 1937 624 1987 alo
635 1932 763 1989 omnis
777 1935 910 1988 facilitate
923 1938 1047 1991 recedat:
1065 1952 1118 1993 nou
1128 1944 1200 1996 enim

150 2004 280 2068 prodetur
301 2012 349 2058 aut
370 2016 438 2054 usus
458 2002 675 2068 inumgationte
698 2016 793 2069 parom
809 2004 920 2056 nativus
937 2013 985 2056 aut
1001 2008 1106 2070 positus
1124 2014 1201 2064 vocis

153 2085 225 2125 reum
242 2080 290 2126 eut
306 2072 424 2126 formula
440 2071 510 2123 satis
526 2081 648 2127 tortuosa
662 2085 720 2138 pro
737 2074 841 2125 relicto
856 2076 902 2125 eet
917 2073 1083 2128 ledendum.
1117 2080 1202 2133 lmno

152 2142 245 2194 debuit
262 2141 368 2194 caesar
384 2143 413 2193 iu
429 2142 520 2203 operis
537 2141 706 2205 praelatione
722 2143 887 2205 propositum
904 2156 982 2195 suum
1005 2145 1045 2197 ita
1065 2159 1201 2203 commen-

152 2214 236 2277 dare,
264 2219 295 2261 ut
311 2210 502 2266 assiduitatem
520 2210 673 2272 aequalium
690 2217 718 2260 et
739 2212 856 2261 studium
872 2211 1024 2274 elegantiae
1040 2216 1149 2269 ductum
1166 2223 1203 2273 an

153 2279 317 2334 atrotoritate
335 2277 473 2330 ciceronis
496 2285 671 2341 agnosceretp
698 2279 768 2328 hauc
787 2287 877 2330 autern
893 2280 1060 2343 diligentiam
1076 2285 1201 2349 inprimis

151 2355 284 2402 accurata
298 2348 406 2410 linguae
423 2345 538 2396 Latinae
554 2343 670 2397 scientia
683 2344 791 2412 iuvari,
817 2347 894 2396 cuius
910 2347 1022 2400 interior
1037 2353 1108 2403 ratio
1124 2364 1153 2407 ut
1166 2371 1201 2409 ex
1256 2370 1259 2383 ’-

152 2412 343 2468 observatione
356 2414 450 2464 solerti
463 2411 696 2477 pervestigaretur
709 2411 764 2463 iam
786 2413 919 2475 reliquum
937 2428 1000 2466 esse
1014 2419 1136 2474 docebat.
1155 2427 1202 2478 in

152 2493 341 2548 argumentum
364 2482 483 2534 sirecte
503 2479 640 2548 procedit,
662 2481 812 2532 doctrinam
833 2482 912 2532 Artis
936 2489 1063 2548 nuquam
1081 2491 1202 2547 lahorem

152 2556 190 2607 ab
212 2553 274 2605 aliis
296 2551 455 2604 derelictum
471 2547 581 2603 ‚caestu
602 2561 668 2601 sese
689 2549 808 2601 ostendit
830 2550 995 2617 suscepisse.
1028 2555 1086 2606 lios
1103 2559 1202 2615 simili.

133 2632 213 2677 ,tert
241 2635 275 2673 eo
298 2622 378 2687 muse
400 2632 468 2671 mon
492 2618 538 2671 die
554 2617 751 2681 Erleoninite
772 2631 898 2675 uerteret·
915 2619 1145 2692 detemopracle
1158 2634 1203 2693 alc

152 2693 237 2746 einen
253 2690 425 2746 adelstano
440 2687 633 2749 ostracitae]
957 2720 960 2729 .
1171 2700 1179 2734 ι

187 2760 219 2812 0.
233 2761 279 2812 75.
292 2757 354 2812 254.
388 2773 450 2810 oum
466 2756 536 2820 illie]
561 2769 627 2809 cum
642 2752 764 2810 oram
781 2757 826 2810 ed.
844 2770 887 2822 pr.
903 2767 933 2810 et
949 2760 977 2811 M

187 2827 250 2882 255.
283 2839 351 2894 non,
368 2829 432 2890 sed]
460 2826 529 2878 ltcnt
544 2826 586 2878 ed.
598 2839 640 2890 pr.
672 2839 731 2877 oon
743 2827 849 2892 tolum,
866 2828 918 2880 ted
934 2829 968 2880 i).
984 2843 1045 2882 cunt
1056 2841 1123 2885 vett.
1137 2836 1200 2901 edd.

152 2897 320 2962 quibuedam.
352 2910 411 2949 reon
427 2898 496 2948 eoae
512 2895 627 2962 uotam
642 2894 863 2963 mutationi,
886 2898 938 2950 sed
953 2896 1113 2968 drauscius,
1136 2917 1203 2969 graf

153 2978 237 3019 vatus
253 2967 329 3019 illam
346 2967 423 3018 vocis
440 2964 661 3030 collocationem,
685 2977 755 3029 quae
773 2965 897 3020 suaviter
914 2968 1004 3035 arguit
1022 2972 1202 3039 supplicatio·

151 3050 187 3090 ue
204 3035 344 3090 ciceronis
360 3034 529 3103 splendidius
544 3033 611 3089 ninii
626 3033 860 3102 praecogitent]
980 3042 983 3047 ·

171 3207 202 3263 (i.
216 3211 260 3266 73.
273 3207 334 3263 254.
360 3208 548 3272 vincebamur]
564 3210 641 3263 ilan-
682 3209 802 3276 aemon,
825 3206 861 3260 ati
876 3222 897 3261 o
913 3207 1033 3265 &oecis
1051 3225 1087 3265 ne
1099 3213 1203 3267 uerbo

118 3284 179 3333 den
196 3282 303 3333 laudern
320 3281 479 3342 Apollonius
491 3281 563 3331 Molo
576 3281 641 3330 rde-
682 3291 751 3329 rma
775 3277 888 3344 quidem
907 3281 990 3346 copia
1008 3281 1202 3337 vinceremur.

118 3360 162 3401 tor
175 3351 269 3401 tribuit
281 3349 404 3400 Ciceroni
427 3353 512 3410 (teste
530 3349 641 3400 Plutar-
676 3347 992 3418 ·nddeueiiiu111,n
1013 3352 1094 3403 Tusc-
1107 3354 1146 3423 11,
1159 3356 1201 3408 15.

118 3423 169 3472 ciro
187 3420 277 3470 Cicer.
290 3416 347 3478 di:
370 3432 449 3483 quem
468 3431 530 3469 cum
546 3417 641 3479 dispu-
682 3415 744 3482 111,
760 3415 786 3466 5.

119 3492 222 3542 tantem
233 3487 426 3551 admonetur,
447 3487 582 3538 Graeciae
595 3491 648 3541 ιν.
735 3483 797 3536 255.
832 3483 1034 3550 supplicationi]
1057 3490 1113 3554 Sup
1131 3490 1201 3544 lica-

119 3571 182 3609 ruen
211 3571 242 3608 se
266 3555 393 3609 miserari
416 3557 560 3609 coufessus
585 3561 638 3620 eet,
681 3550 781 3603 tionem
805 3553 870 3604 dicit
897 3569 974 3625 eam,
1006 3571 1087 3621 quana
1105 3505 1201 3612 gicero

119 3628 165 3677 cui
177 3626 231 3678 iarn
244 3625 417 3690 eloquentiae
429 3627 500 3692 laus,
516 3634 640 3689 quaeso-
682 3624 777 3681 consul
790 3626 884 3675 adili.
900 3625 1008 3679 detecta
1019 3626 1202 3679 coniuratione

118 3697 253 3748 latuisset
266 3697 373 3759 relicta,
389 3694 549 3757 eriperetur.
567 3691 640 3742 Gon·
682 3691 817 3743 Catilinae
836 3706 871 3743 ex
890 3695 999 3763 decreto
1017 3705 1130 3759 senatus
1142 3711 1201 3755 rne-

119 3768 177 3817 stat
195 3765 300 3816 omniuo
315 3763 473 3815 ciceronem
484 3763 565 3825 paulo
580 3771 641 3811 ant·
682 3760 751 3813 ruit:
781 3763 869 3814 altera
887 3764 973 3882 enims
1005 3778 1074 3827 quae
1094 3766 1120 3816 ei
1141 3775 1203 3829 post

118 3834 243 3885 uitiosius
256 3836 290 3885 de
303 3832 383 3895 eopia
394 3831 526 3885 sermonis
540 3824 649 3887 Graeci,
682 3832 902 3897 proconsulatum
913 3822 957 3884 cii
967 3831 1026 3884 ciae
1038 3834 1120 3884 rebus
1131 3834 1203 3887 bello
1301 3844 1303 3851 ·

118 3903 275 3971 iudicasse‚·
286 3915 365 3966 quan
373 3902 465 3953 -dotern
477 3900 525 3951 ille
536 3909 648 3953 sumne.
681 3898 769 3960 gestis
781 3912 807 3953 a.
818 3894 881 3953 703.
897 3902 1024 3965 contigit,
1047 3910 1102 3953 tarn
1116 3894 1208 3965 posit

118 3972 288 4023 contentione
307 3983 361 4022 non
371 3972 463 4021 solum
480 3968 641 4021 aenuiaoa·
680 3968 711 4018 ia
721 3976 797 4035 erat,
814 3969 862 4020 vix
874 3975 905 4020 ut
917 3969 975 4033 ipse
988 3966 1083 4020 cicero
1098 3985 1132 4025 ea
1143 3976 1211 4035 glo--

119 4051 173 4107 tur,
192 4042 240 4090 sed
255 4042 386 4092 interdurn
399 4040 649 4099 etiamouperasse
681 4036 749 4087 riarl
766 4039 885 4093 auderet.
918 4040 951 4090 ln
968 4037 1060 4090 Pison.
1079 4041 1104 4089 3.
1127 4040 1204 4093 Mitt

120 4111 171 4161 siti
187 4110 339 4162 videbatur.
352 4111 393 4161 lie
405 4110 438 4159 N.
451 4110 484 4159 Ι).
496 4107 519 4169 i,
533 4103 559 4155 4.
577 4107 650 4168 Quo,
681 4107 781 4173 tonaio
797 4110 916 4159 cenulas
928 4120 986 4158 oon
998 4108 1034 4158 ut
1046 4110 1144 4161 otonis
1156 4111 1203 4162 de-

118 4181 150 4230 in
168 4191 275 4247 perum
292 4181 408 4235 tantum
420 4175 582 4249 profecisse
593 4171 651 4239 vig,
680 4178 839 4244 nepesine,
856 4175 908 4230 ted
920 4177 955 4226 et
966 4177 1074 4243 nemini
1086 4191 1206 4233 conser-

918 4238 999 4311 rt·t
1096 4248 1121 4259 ··
