2676 4748
138 314 257 385 rraw
366 280 371 296 '
454 294 474 393 j
564 308 805 386 auarus.

140 496 488 582 rire'toremdixisises,
501 497 577 566 eur
588 521 655 567 non
668 496 788 568 deerat
800 500 929 582 oratio,
950 521 1049 590 qnam
1063 500 1104 570 ut
1116 501 1225 571 aaa

140 590 486 659 aduentantem-
521 597 620 654 erant
631 588 667 653 in
680 610 719 655 eo
733 589 899 677 plurimae
911 589 1066 671 litterae,
1083 613 1146 657 neo
1162 613 1234 657 eae·

138 678 323 764 vulgarasa
342 672 601 741 sedinteriores
622 675 786 763 quaedam
806 680 843 741 et
862 676 1072 755 reconditaea
1109 677 1224 746 divina

139 764 321 844 memoria,
348 767 481 829 sum'ma'
496 762 673 829 verborum
690 771 726 831 et
739 764 890 849 gravitas
901 771 938 830 et
949 765 1127 850 elegantia.
1169 773 1224 832 at-

138 858 205 942 que
219 852 299 918 haee
313 849 425 914 omnia
434 849 529 914 -vitae
544 847 726 931 decorabat
738 850 888 936 dignitas
902 858 938 917 et
948 850 1148 938 integriter.¹
1164 853 1222 920 llo

137 938 275 1027 quidem
298 934 476 1002 admodum
498 934 689 1004 delectabat
708 939 809 1005 etiam
826 938 958 1005 Triarii
972 939 1007 1005 in
1027 941 1088 1005 illa
1110 948 1221 1007 aetate

130 1029 238 1116 piena
250 1025 422 1091 litteratae
436 1024 621 1090 senectutis
635 1024 757 1093 oratioe
786 1031 912 1112 quama
921 1027 1083 1093 severitas
1097 1028 1134 1092 in
1146 1029 1223 1094 vul-

136 1113 193 1181 tul
221 1118 385 1199 quantum
405 1108 537 1198 pondus
559 1110 592 1175 in
613 1110 743 1179 verbis!
776 1133 875 1198 quana
891 1113 976 1178 nihil
987 1135 1055 1179 non
1068 1113 1222 1180 conside-

135 1207 248 1279 ratum
263 1197 376 1265 exibat
387 1218 428 1271 ex
440 1195 515 1264 orei
547 1197 626 1265 266.
644 1197 734 1263 Tum
749 1196 881 1265 Brutus
893 1199 1063 1287 Torquati
1074 1200 1222 1267 etTria·

134 1288 181 1369 rji
195 1285 361 1353 mentione
375 1289 560 1355 commotus
582 1285 781 1373 (utrumque
798 1287 884 1352 enim
905 1307 1021 1353 eorum
1040 1285 1221 1353 admodum

136 1373 330 1458 dilexerat),
350 1370 427 1439 Nae
440 1392 514 1457 ego,
537 1371 658 1458 inquit,
679 1380 720 1439 ut
734 1372 886 1463 omittam
900 1381 1023 1454 uetera,
1036 1395 1123 1460 quae
1137 1383 1220 1440 sunt

135 1459 411 1540 innumerabilia,
440 1458 483 1525 de
499 1458 577 1524 istis
592 1457 722 1527 duobus
740 1482 815 1526 eum
835 1461 966 1547 rogito,
990 1460 1107 1542 doleo,
1133 1461 1218 1529 nihil

134 1558 227 1620 tuam
238 1554 437 1640 perpetuam
450 1545 687 1615 auctoritatem
703 1546 745 1614 de
757 1568 841 1636 paee
852 1548 1018 1618 valuisset
1050 1546 1142 1616 Nam
1155 1564 1218 1617 neo

144 1718 309 1783 ''molestum
326 1728 355 1776 et
371 1724 466 1776 inutile
486 1723 560 1775 toret
577 1718 787 1789 addimentum
809 1724 860 1793 qut
883 1727 954 1779 sont
978 1724 1097 1776 morial.
1136 1726 1217 1781 Nune

140 1856 145 1865 ,
167 1800 259 1849 autem
278 1796 460 1847 condicionem
478 1793 555 1856 quasi
575 1796 701 1856 repetens
713 1795 777 1849 oiim
790 1793 953 1846 inculcatam
965 1796 1086 1860 reliquos
1099 1795 1218 1847 ostendit

141 1872 147 1885 ‘
164 1870 199 1918 'se
212 1866 404 1930 eolleoturnm,
422 1862 470 1912 sed
483 1863 603 1926 reliquos
616 1866 707 1913 tamen
720 1876 755 1913 ex
768 1876 878 1915 numero
891 1866 1079 1925 mortuorum]

139 1928 162 1945 '¹
180 1934 183 1941 '
200 1935 342 1999 gravitas]
367 1932 522 2001 granditas
539 1930 670 1983 arellius.
691 1926 756 2001 vlu,
772 1946 797 1982 e.
809 1936 843 1999 9,
857 1932 900 1985 35.

139 2064 144 2075 Ι
177 2002 335 2068 dignitas]
365 2001 411 2052 sle
429 1992 471 2050 ed.
491 2011 533 2062 pr.
566 1998 699 2065 prauitas
717 2003 787 2065 quod
804 2002 917 2065 haramo
936 2002 1050 2052 debetur
1065 1998 1215 2068 aberranti,

140 2072 230 2127 'inde
249 2072 284 2122 ab
304 2069 365 2123 edd.
376 2069 543 2133 valtramo
556 2071 749 2137 propagatum,
766 2062 909 2141 antequam
923 2073 956 2122 de
970 2069 1045 2122 ltivii
1057 2069 1216 2122 coniectura

142 2138 145 2147 '
163 2156 229 2265 menn
246 2140 281 2259 ath
301 2138 366 2259 tutelis
384 2136 488 2193 crificia
506 2140 564 2189 tum
581 2139 617 2189 an
636 2134 764 2195 massua
782 2141 858 2206 prius
876 2144 921 2205 est
932 2143 1085 2208 receptum,
1110 2139 1215 2193 orellio

139 2216 143 2223 '
207 2210 349 2262 senien-
509 2258 512 2263 .

139 2266 156 2301 ·“
197 2278 344 2338 mannan]
366 2272 509 2326 malea
523 2274 623 2340 sapa.
715 2284 720 2293 ¹

155 2409 167 2423 ..
196 2347 259 2405 246.
294 2345 412 2411 rnatu]
431 2343 525 2397 Morti
540 2346 582 2397 ed.
594 2358 637 2412 pr·
709 2353 711 2357 ⁴

138 2422 144 2429 '
197 2419 232 2470 tle
245 2416 321 2479 letis]
343 2427 383 2469 en
396 2413 465 2470 istis
480 2415 527 2466 ed·
536 2427 579 2479 pr.

127 2593 245 2647 lamii.
262 2593 292 2644 7.
304 2591 344 2646 ΙΙ.
357 2605 384 2655 p.
396 2590 440 2645 77.
465 2590 605 2642 rumonus
620 2587 650 2644 in
693 2604 772 2645 sasso
782 2594 913 2645 Scaurum
924 2590 1054 2644 cicerone
1065 2590 1215 2641 defenden-

127 2666 247 2717 Advers·
260 2662 339 2729 XIV,
351 2664 396 2713 22.
409 2668 548 2726 comparat
563 2654 649 2728 adnot
691 2670 756 2715 tea.
768 2663 831 2716 700.
858 2661 941 2713 tradit
953 2660 1166 2724 Biilerbeckius,
1186 2659 1214 2709 is

127 2734 243 2787 &belm
254 2724 330 2796 aopi·
689 2731 744 2784 init
755 2733 787 2784 Ρ.
801 2731 940 2797 l'riarius,
960 2738 991 2781 nt
1004 2744 1039 2780 ex
1051 2729 1169 2782 Asconio
1184 2728 1215 2781 ln

179 2795 340 2860 meletenia]
362 2799 432 2850 Eum
442 2795 585 2864 intelligit,
601 2796 648 2862 qul
689 2803 784 2854 fleam.
798 2816 825 2864 p.
840 2804 884 2853 19.
902 2800 1082 2863 cognoscitur.

124 2867 647 2932 insonatuteolleperaonamprinclpls
740 2871 879 2923 litteratae
914 2868 1076 2927 senectutis]
1117 2867 1214 2919 senno

125 2940 182 2999 riri
196 2939 266 2991 tueri
280 2937 382 3003 possit:
398 2937 577 3004 caelato
595 2938 646 2998 [V.
689 2938 765 3006 sius,
793 2938 920 3001 quamvis
941 2945 1016 2987 esset
1039 2937 1211 2999 adolescens,

125 3012 237 3063 santen
255 3008 285 3059 in
302 3007 455 3058 lerentlan.
480 3020 507 3068 p.
526 3007 586 3056 lat.
605 3019 647 3070 sq.
689 3008 872 3060 maturitatem
889 3006 968 3070 quasi
988 3005 1062 3056 senis
1086 3017 1153 3066 prae
1177 3016 1211 3055 sa

123 3076 299 3133 lulusvoeis
310 3073 490 3127 consideratio
498 3074 648 3126 facilemo-
689 3079 804 3129 tenenat.
827 3079 864 3128 V.
877 3083 968 3128 annot.
982 3075 1012 3124 in
1025 3087 1050 3124 o.
1061 3072 1107 3126 43.
1125 3073 1210 3125 eatae

123 3147 374 3213 retsusploionem,
387 3157 440 3196 non
451 3142 601 3195 rhetorem
612 3145 647 3195 de
689 3145 721 3197 tu
735 3158 798 3198 eona
816 3146 906 3212 sepem
917 3143 1026 3210 senior,
1048 3144 1083 3194 ot
1104 3142 1149 3193 tto
1163 3142 1220 3192 ‹ts--

123 3213 530 3277 matoreuixisseciceronen,
546 3213 592 3277 qui
605 3213 647 3265 sl·-
688 3228 769 3283 ootn,
798 3228 884 3282 qoam
906 3217 989 3267 oetas
1010 3214 1062 3265 itio
1085 3211 1211 3279 ferebat,

122 3287 267 3351 guillemus
288 3287 322 3337 ab
335 3284 409 3335 iliius
422 3292 450 3335 et
464 3280 648 3346 probatissimi
687 3286 793 3337 orotto.

117 3357 253 3418 'malusque
265 3367 338 3405 more
351 3355 485 3417 salomei,
502 3353 550 3402 sed
563 3347 648 3418 ῥήτο·
737 3356 802 3407 266.
830 3349 1031 3411 auctoritatem]
1049 3348 1209 3401 (iioeraau-

121 3421 551 3494 paeqnodlihrariloblitterarint.
569 3420 647 3471 Utri·
687 3429 748 3475 otor
757 3433 906 3485 suasorque
920 3421 996 3484 pacis
1007 3420 1097 3471 iuerat
1109 3430 1210 3480 perps-

122 3506 176 3557 que
191 3502 283 3544 autem
301 3492 419 3542 membro
441 3502 583 3543 commuue
601 3496 646 3541 est
688 3499 762 3559 tuus,
778 3502 831 3558 quo
844 3491 927 3540 civile
938 3490 1038 3540 bellum
1051 3487 1209 3547 interi’um·

121 3565 163 3616 eti·
171 3561 278 3613 Graeci
289 3561 413 3620 dicuat]
686 3561 776 3625 petum
805 3561 1007 3624 caesaremque
1040 3555 1209 3606 evitaretur:

135 3660 138 3665 ·
172 3631 286 3690 ruma]
303 3625 644 3681 amalasuntam
686 3642 749 3682 nam
769 3631 836 3680 bene
853 3634 1032 3692 perspexerat
1045 3625 1210 3677 actumiors

120 3701 185 3761 700.
194 3700 325 3753 tribunus
337 3698 374 3759 pl.
401 3697 586 3748 Postea-bello
601 3697 644 3747 ei-
686 3699 887 3765 estepanum,
903 3706 1087 3763 quameunque
1100 3693 1130 3744 in
1143 3705 1210 3756 par-

120 3770 175 3823 vill
199 3783 219 3823 a
246 3766 372 3830 Pompeio
397 3765 482 3816 classi
503 3765 644 3818 Asiaticae
686 3777 742 3821 tem
759 3776 873 3819 eventus
891 3766 956 3818 belli
973 3764 1127 3816 eeoiulssea
1160 3762 1209 3812 Slo

119 3839 275 3903 praeieotus
286 3834 388 3889 interiit
400 3846 428 3884 a.
440 3833 502 3889 707.
529 3832 643 3886 caesar.
686 3839 757 3887 enim
766 3838 834 3898 lipp.
847 3836 906 3904 lx,
924 3837 967 3887 17.
989 3832 1042 3899 fiet
1060 3833 1209 3898 quaman-

120 3913 152 3961 Β.
173 3905 313 3970 clv-111,
336 3903 362 3957 5.
392 3905 461 3954 Eum
484 3904 586 3963 pariter
608 3915 644 3956 eo
686 3915 741 3971 que
756 3905 868 3971 voleat,
891 3903 1106 3971 qutooiebtmt:
1126 3902 1209 3963 oote-

120 3982 283 4040 rorquatnm
306 3986 369 4027 eum
397 3972 512 4025 erasus
541 3968 644 4022 litteris
685 3975 755 4024 bunt
773 3976 871 4026 ostem
889 3982 1003 4038 seraper
1022 3981 1120 4022 ormo.
1153 3969 1221 4019 Sed,

120 4049 254 4099 eruditum
274 4053 330 4098 tum
344 4038 526 4106 philosophiae
538 4041 644 4091 studio-
685 4043 759 4105 digni
771 4052 834 4094 sunt
845 4044 900 4094 leel
912 4043 958 4106 qui
969 4038 1019 4091 toti
1031 4040 1209 4102 perlegantur

121 4130 181 4167 sum
200 4117 288 4166 tuisse
304 4114 401 4165 cicero
422 4109 592 4173 praedicavit
608 4112 643 4161 de
684 4114 886 4173 praeclarorum
905 4121 1032 4161 sensnum
1056 4106 1208 4168 plenissimi

119 4185 233 4241 Finitus
247 4185 278 4250 l,
293 4182 321 4237 5·
344 4179 643 4251 umdemupmeoou·
684 4183 810 4251 lipp.1v,
825 4180 868 4235 1⁴.
892 4180 949 4247 Vi,
965 4181 994 4231 0.
1019 4177 1105 4241 xvi,
1124 4178 1165 4231 ll.
