<?xml version="1.0" encoding="UTF-8"?>
<!DOCTYPE html PUBLIC "-//W3C//DTD XHTML 1.0 Transitional//EN"
    "http://www.w3.org/TR/xhtml1/DTD/xhtml1-transitional.dtd">
<html xmlns="http://www.w3.org/1999/xhtml" xml:lang="en" lang="en">
 <head>
  <title>
</title>
<meta http-equiv="Content-Type" content="text/html;charset=utf-8" />
  <meta name='ocr-system' content='tesseract 3.04.00' />
  <meta name='ocr-capabilities' content='ocr_page ocr_carea ocr_par ocr_line ocrx_word'/>
</head>
<body>
  <div class='ocr_page' id='page_1' title='image "./mtulliiciceroni00meyegoog_0290.png"; bbox 0 0 2676 4748; ppageno 0'>
   <div class='ocr_carea' id='block_1_1' title="bbox 539 288 1210 399">
    <p class='ocr_par' dir='ltr' id='par_1_1' title="bbox 539 288 1210 399">
     <span class='ocr_line' id='line_1_1' title="bbox 539 288 1210 399; baseline -0.001 -20"><span class='ocrx_word' id='word_1_1' title='bbox 539 304 626 399; x_wconf 76' lang='lat' dir='ltr'><strong>cap.</strong></span> <span class='ocrx_word' id='word_1_2' title='bbox 645 308 701 380; x_wconf 81' lang='grc'><strong>99.</strong></span> <span class='ocrx_word' id='word_1_3' title='bbox 722 308 781 384; x_wconf 75' lang='lat' dir='ltr'><strong>tt:</strong></span> <span class='ocrx_word' id='word_1_4' title='bbox 1136 288 1210 378; x_wconf 53' lang='lat'><strong>2&amp;</strong></span> 
     </span>
    </p>
   </div>
   <div class='ocr_carea' id='block_1_2' title="bbox 99 480 1329 2689">
    <p class='ocr_par' dir='ltr' id='par_1_2' title="bbox 99 480 1329 2689">
     <span class='ocr_line' id='line_1_2' title="bbox 120 480 1204 648; baseline -0.001 -87"><span class='ocrx_word' id='word_1_5' title='bbox 120 506 228 574; x_wconf 79' lang='lat' dir='ltr'><strong>nemo,</strong></span> <span class='ocrx_word' id='word_1_6' title='bbox 248 494 309 580; x_wconf 85' lang='lat' dir='ltr'><strong>qui</strong></span> <span class='ocrx_word' id='word_1_7' title='bbox 326 489 369 560; x_wconf 80' lang='lat' dir='ltr'><strong>ed</strong></span> <span class='ocrx_word' id='word_1_8' title='bbox 380 493 496 560; x_wconf 87' lang='lat' dir='ltr'><strong>iieium</strong></span> <span class='ocrx_word' id='word_1_9' title='bbox 510 480 628 585; x_wconf 69' lang='lat' dir='ltr'><strong>posset</strong></span> <span class='ocrx_word' id='word_1_10' title='bbox 642 493 833 577; x_wconf 58' lang='lat' dir='ltr'><strong>adiuuere}¹</strong></span> <span class='ocrx_word' id='word_1_11' title='bbox 846 480 964 576; x_wconf 67' lang='lat' dir='ltr'><strong>nomm·</strong></span> <span class='ocrx_word' id='word_1_12' title='bbox 978 490 1038 648; x_wconf 49' lang='lat' dir='ltr'><strong>qui</strong></span> <span class='ocrx_word' id='word_1_13' title='bbox 1055 492 1204 591; x_wconf 66' lang='lat' dir='ltr'><strong>animum</strong></span> 
     </span>
     <span class='ocr_line' id='line_1_3' title="bbox 99 579 1206 673; baseline 0.003 -27"><span class='ocrx_word' id='word_1_14' title='bbox 99 582 195 646; x_wconf 86' lang='lat' dir='ltr'><strong>‘eius</strong></span> <span class='ocrx_word' id='word_1_15' title='bbox 222 579 330 668; x_wconf 75' lang='lat' dir='ltr'><strong>(quod</strong></span> <span class='ocrx_word' id='word_1_16' title='bbox 351 603 453 648; x_wconf 87' lang='lat' dir='ltr'><strong>unum</strong></span> <span class='ocrx_word' id='word_1_17' title='bbox 474 590 528 649; x_wconf 90' lang='lat' dir='ltr'><strong>est</strong></span> <span class='ocrx_word' id='word_1_18' title='bbox 550 585 697 651; x_wconf 87' lang='lat' dir='ltr'><strong>oratoris</strong></span> <span class='ocrx_word' id='word_1_19' title='bbox 716 585 860 652; x_wconf 80' lang='lat' dir='ltr'><strong>maxime</strong></span> <span class='ocrx_word' id='word_1_20' title='bbox 904 604 987 673; x_wconf 88' lang='lat' dir='ltr'><strong>ropr</strong></span> <span class='ocrx_word' id='word_1_21' title='bbox 1000 582 1093 671; x_wconf 87' lang='lat' dir='ltr'><strong>um),·</strong></span> <span class='ocrx_word' id='word_1_22' title='bbox 1120 582 1206 671; x_wconf 60' lang='lat' dir='ltr'><strong>quod</strong></span> 
     </span>
     <span class='ocr_line' id='line_1_4' title="bbox 119 668 1329 761; baseline 0.002 -26"><span class='ocrx_word' id='word_1_23' title='bbox 119 688 251 755; x_wconf 77' lang='lat' dir='ltr'><strong>susque</strong></span> <span class='ocrx_word' id='word_1_24' title='bbox 264 688 321 735; x_wconf 91' lang='lat' dir='ltr'><strong>res</strong></span> <span class='ocrx_word' id='word_1_25' title='bbox 336 672 545 756; x_wconf 81' lang='lat' dir='ltr'><strong>postularet,</strong></span> <span class='ocrx_word' id='word_1_26' title='bbox 567 669 883 761; x_wconf 63' lang='lat' dir='ltr'><strong>impelleret.·“·XG</strong></span> <span class='ocrx_word' id='word_1_27' title='bbox 935 717 946 739; x_wconf 86' lang='lat'><strong>.</strong></span> <span class='ocrx_word' id='word_1_28' title='bbox 973 672 1053 740; x_wconf 62' lang='lat'><strong>3234</strong></span> <span class='ocrx_word' id='word_1_29' title='bbox 1082 668 1208 757; x_wconf 71' lang='lat' dir='ltr'><strong>ltaque</strong></span> <span class='ocrx_word' id='word_1_30' title='bbox 1320 676 1329 685; x_wconf 84' lang='lat'><em>&#39;</em></span> 
     </span>
     <span class='ocr_line' id='line_1_5' title="bbox 118 756 1209 849; baseline 0.001 -27"><span class='ocrx_word' id='word_1_31' title='bbox 118 774 196 822; x_wconf 87' lang='lat' dir='ltr'><strong>eum</strong></span> <span class='ocrx_word' id='word_1_32' title='bbox 217 756 282 822; x_wconf 92' lang='lat' dir='ltr'><strong>iam</strong></span> <span class='ocrx_word' id='word_1_33' title='bbox 300 778 405 849; x_wconf 84' lang='lat' dir='ltr'><strong>paene</strong></span> <span class='ocrx_word' id='word_1_34' title='bbox 425 759 616 827; x_wconf 74' lang='lat' dir='ltr'><strong>evanuisset</strong></span> <span class='ocrx_word' id='word_1_35' title='bbox 636 756 858 843; x_wconf 81' lang='lat' dir='ltr'><strong>Hortensius,</strong></span> <span class='ocrx_word' id='word_1_36' title='bbox 871 766 922 825; x_wconf 89' lang='lat' dir='ltr'><strong>·et</strong></span> <span class='ocrx_word' id='word_1_37' title='bbox 940 780 1002 843; x_wconf 82' lang='lat' dir='ltr'><strong>ego</strong></span> <span class='ocrx_word' id='word_1_38' title='bbox 1017 779 1102 824; x_wconf 89' lang='lat' dir='ltr'><strong>anno</strong></span> <span class='ocrx_word' id='word_1_39' title='bbox 1119 758 1209 839; x_wconf 60' lang='lat' dir='ltr'><strong>meoj‘</strong></span> 
     </span>
     <span class='ocr_line' id='line_1_6' title="bbox 119 836 1211 933; baseline 0.002 -25"><span class='ocrx_word' id='word_1_40' title='bbox 119 849 217 909; x_wconf 88' lang='lat' dir='ltr'><strong>sexto</strong></span> <span class='ocrx_word' id='word_1_41' title='bbox 233 850 344 909; x_wconf 90' lang='lat' dir='ltr'><strong>autem</strong></span> <span class='ocrx_word' id='word_1_42' title='bbox 358 854 436 933; x_wconf 84' lang='lat' dir='ltr'><strong>post</strong></span> <span class='ocrx_word' id='word_1_43' title='bbox 451 846 547 920; x_wconf 89' lang='lat' dir='ltr'><strong>ilium</strong></span> <span class='ocrx_word' id='word_1_44' title='bbox 565 836 733 913; x_wconf 77' lang='lat' dir='ltr'><strong>oonsulem</strong></span> <span class='ocrx_word' id='word_1_45' title='bbox 750 847 869 913; x_wconf 74' lang='lat' dir='ltr'><strong>consul</strong></span> <span class='ocrx_word' id='word_1_46' title='bbox 883 846 993 913; x_wconf 86' lang='lat' dir='ltr'><strong>iaetus</strong></span> <span class='ocrx_word' id='word_1_47' title='bbox 1008 866 1128 927; x_wconf 87' lang='lat' dir='ltr'><strong>eseern,</strong></span> <span class='ocrx_word' id='word_1_48' title='bbox 1145 850 1211 911; x_wconf 59' lang='lat' dir='ltr'><strong>&#39;ree&#39;</strong></span> 
     </span>
     <span class='ocr_line' id='line_1_7' title="bbox 118 930 1211 1024; baseline 0 -26"><span class='ocrx_word' id='word_1_49' title='bbox 118 946 240 998; x_wconf 79' lang='lat' dir='ltr'><strong>votare</strong></span> <span class='ocrx_word' id='word_1_50' title='bbox 255 953 297 1011; x_wconf 38' lang='lat' dir='ltr'><strong>se,</strong></span> <span class='ocrx_word' id='word_1_51' title='bbox 310 931 352 998; x_wconf 86' lang='lat' dir='ltr'><strong>nd</strong></span> <span class='ocrx_word' id='word_1_52' title='bbox 364 930 565 999; x_wconf 87' lang='lat' dir='ltr'><strong>industriam</strong></span> <span class='ocrx_word' id='word_1_53' title='bbox 583 935 710 1023; x_wconf 85' lang='lat' dir='ltr'><strong>eoepit,</strong></span> <span class='ocrx_word' id='word_1_54' title='bbox 732 956 785 1016; x_wconf 90' lang='lat' dir='ltr'><strong>ne,</strong></span> <span class='ocrx_word' id='word_1_55' title='bbox 798 956 881 1000; x_wconf 82' lang='lat' dir='ltr'><strong>eum</strong></span> <span class='ocrx_word' id='word_1_56' title='bbox 895 956 995 1024; x_wconf 85' lang='lat' dir='ltr'><strong>pares</strong></span> <span class='ocrx_word' id='word_1_57' title='bbox 1008 934 1135 999; x_wconf 80' lang='lat' dir='ltr'><strong>honore</strong></span> <span class='ocrx_word' id='word_1_58' title='bbox 1146 932 1211 998; x_wconf 65' lang='lat' dir='ltr'><strong>&#39;eiii</strong></span> 
     </span>
     <span class='ocr_line' id='line_1_8' title="bbox 120 1019 1208 1115; baseline 0 -30"><span class='ocrx_word' id='word_1_59' title='bbox 120 1038 254 1099; x_wconf 85' lang='lat' dir='ltr'><strong>semus,</strong></span> <span class='ocrx_word' id='word_1_60' title='bbox 284 1021 398 1109; x_wconf 87' lang='lat' dir='ltr'><strong>aliqua</strong></span> <span class='ocrx_word' id='word_1_61' title='bbox 415 1042 454 1087; x_wconf 91' lang='lat' dir='ltr'><strong>re</strong></span> <span class='ocrx_word' id='word_1_62' title='bbox 475 1020 891 1115; x_wconf 72' lang='lat' dir='ltr'><strong>superioresvideremun</strong></span> <span class='ocrx_word' id='word_1_63' title='bbox 941 1019 999 1088; x_wconf 86' lang='lat' dir='ltr'><strong>Sin</strong></span> <span class='ocrx_word' id='word_1_64' title='bbox 1028 1019 1208 1087; x_wconf 84' lang='lat' dir='ltr'><strong>duode&#39;eir&#39;n&#39;</strong></span> 
     </span>
     <span class='ocr_line' id='line_1_9' title="bbox 119 1109 1206 1195; baseline 0.001 -24"><span class='ocrx_word' id='word_1_65' title='bbox 119 1113 201 1195; x_wconf 79' lang='lat' dir='ltr'><strong>post</strong></span> <span class='ocrx_word' id='word_1_66' title='bbox 214 1127 323 1172; x_wconf 88' lang='lat' dir='ltr'><strong>meum</strong></span> <span class='ocrx_word' id='word_1_67' title='bbox 336 1111 546 1174; x_wconf 85' lang='lat' dir='ltr'><strong>oonsuiatum</strong></span> <span class='ocrx_word' id='word_1_68' title='bbox 564 1131 667 1176; x_wconf 86' lang='lat' dir='ltr'><strong>annos</strong></span> <span class='ocrx_word' id='word_1_69' title='bbox 680 1109 714 1175; x_wconf 92' lang='lat' dir='ltr'><strong>in</strong></span> <span class='ocrx_word' id='word_1_70' title='bbox 731 1110 883 1176; x_wconf 83' lang='lat' dir='ltr'><strong>maximis</strong></span> <span class='ocrx_word' id='word_1_71' title='bbox 898 1111 1029 1190; x_wconf 89' lang='lat' dir='ltr'><strong>oausis,</strong></span> <span class='ocrx_word' id='word_1_72' title='bbox 1053 1126 1127 1173; x_wconf 89' lang='lat' dir='ltr'><strong>oum</strong></span> <span class='ocrx_word' id='word_1_73' title='bbox 1141 1128 1206 1193; x_wconf 80' lang='lat' dir='ltr'><strong>ego</strong></span> 
     </span>
     <span class='ocr_line' id='line_1_10' title="bbox 120 1194 1207 1280; baseline 0 -21"><span class='ocrx_word' id='word_1_74' title='bbox 120 1194 204 1259; x_wconf 85' lang='lat' dir='ltr'><strong>inihi</strong></span> <span class='ocrx_word' id='word_1_75' title='bbox 224 1194 341 1276; x_wconf 88' lang='lat' dir='ltr'><strong>ilium,</strong></span> <span class='ocrx_word' id='word_1_76' title='bbox 371 1195 509 1261; x_wconf 87' lang='lat' dir='ltr'><strong>sibime</strong></span> <span class='ocrx_word' id='word_1_77' title='bbox 530 1197 590 1262; x_wconf 88' lang='lat' dir='ltr'><strong>illo</strong></span> <span class='ocrx_word' id='word_1_78' title='bbox 610 1199 808 1280; x_wconf 77' lang='lat' dir='ltr'><strong>anteferret,</strong></span> <span class='ocrx_word' id='word_1_79' title='bbox 836 1195 1109 1265; x_wconf 85' lang='lat' dir='ltr'><strong>ooniunotissime</strong></span> <span class='ocrx_word' id='word_1_80' title='bbox 1130 1202 1207 1262; x_wconf 84' lang='lat' dir='ltr'><strong>ver·-¹</strong></span> 
     </span>
     <span class='ocr_line' id='line_1_11' title="bbox 119 1280 1210 1375; baseline 0.001 -28"><span class='ocrx_word' id='word_1_81' title='bbox 119 1280 190 1347; x_wconf 79' lang='lat' dir='ltr'><strong>esti</strong></span> <span class='ocrx_word' id='word_1_82' title='bbox 210 1298 345 1364; x_wconf 82' lang='lat' dir='ltr'><strong>sumus3</strong></span> <span class='ocrx_word' id='word_1_83' title='bbox 372 1285 635 1371; x_wconf 72' lang='lat' dir='ltr'><strong>consulatusque</strong></span> <span class='ocrx_word' id='word_1_84' title='bbox 655 1302 768 1366; x_wconf 87' lang='lat' dir='ltr'><strong>meus,</strong></span> <span class='ocrx_word' id='word_1_85' title='bbox 792 1288 855 1375; x_wconf 83' lang='lat' dir='ltr'><strong>&#39;q&#39;ui</strong></span> <span class='ocrx_word' id='word_1_86' title='bbox 874 1283 971 1350; x_wconf 88' lang='lat' dir='ltr'><strong>illum</strong></span> <span class='ocrx_word' id='word_1_87' title='bbox 992 1281 1210 1373; x_wconf 63' lang='lat' dir='ltr'><strong>primolevts</strong></span> 
     </span>
     <span class='ocr_line' id='line_1_12' title="bbox 120 1370 1207 1461; baseline -0.002 -26"><span class='ocrx_word' id='word_1_88' title='bbox 120 1374 181 1435; x_wconf 82' lang='lat' dir='ltr'><strong>ter·</strong></span> <span class='ocrx_word' id='word_1_89' title='bbox 203 1371 466 1461; x_wconf 73' lang='lat' dir='ltr'><strong>perstrinxerat,</strong></span> <span class='ocrx_word' id='word_1_90' title='bbox 499 1370 588 1438; x_wconf 83' lang='lat' dir='ltr'><strong>idem</strong></span> <span class='ocrx_word' id='word_1_91' title='bbox 618 1394 678 1437; x_wconf 91' lang='lat' dir='ltr'><strong>nos</strong></span> <span class='ocrx_word' id='word_1_92' title='bbox 708 1393 820 1440; x_wconf 89' lang='lat' dir='ltr'><strong>rerum</strong></span> <span class='ocrx_word' id='word_1_93' title='bbox 846 1393 993 1438; x_wconf 87' lang='lat' dir='ltr'><strong>mearum</strong></span> <span class='ocrx_word' id='word_1_94' title='bbox 1042 1378 1207 1450; x_wconf 77' lang='lat' dir='ltr'><strong>setarum,</strong></span> 
     </span>
     <span class='ocr_line' id='line_1_13' title="bbox 120 1455 1213 1547; baseline 0.001 -26"><span class='ocrx_word' id='word_1_95' title='bbox 120 1476 209 1543; x_wconf 82' lang='lat' dir='ltr'><strong>quas</strong></span> <span class='ocrx_word' id='word_1_96' title='bbox 227 1456 287 1523; x_wconf 90' lang='lat' dir='ltr'><strong>iiie</strong></span> <span class='ocrx_word' id='word_1_97' title='bbox 309 1455 558 1540; x_wconf 81' lang='lat' dir='ltr'><strong>admirabatur,</strong></span> <span class='ocrx_word' id='word_1_98' title='bbox 585 1459 685 1525; x_wconf 88' lang='lat' dir='ltr'><strong>laude</strong></span> <span class='ocrx_word' id='word_1_99' title='bbox 707 1460 936 1528; x_wconf 79' lang='lat' dir='ltr'><strong>coniunxerat.</strong></span> <span class='ocrx_word' id='word_1_100' title='bbox 988 1461 1011 1528; x_wconf 87' lang='grc'>3</span> <span class='ocrx_word' id='word_1_101' title='bbox 1057 1504 1067 1527; x_wconf 89' lang='grc'><strong>.</strong></span> <span class='ocrx_word' id='word_1_102' title='bbox 1097 1456 1213 1547; x_wconf 59' lang='grc' dir='ltr'>Μυῒ-ᾗ</span> 
     </span>
     <span class='ocr_line' id='line_1_14' title="bbox 120 1543 1207 1635; baseline 0 -27"><span class='ocrx_word' id='word_1_103' title='bbox 120 1563 179 1609; x_wconf 90' lang='lat' dir='ltr'><strong>me·</strong></span> <span class='ocrx_word' id='word_1_104' title='bbox 195 1562 274 1609; x_wconf 82' lang='lat' dir='ltr'><strong>vero</strong></span> <span class='ocrx_word' id='word_1_105' title='bbox 292 1551 469 1632; x_wconf 78' lang='lat' dir='ltr'><strong>perspecta</strong></span> <span class='ocrx_word' id='word_1_106' title='bbox 483 1553 537 1611; x_wconf 86' lang='lat' dir='ltr'><strong>est</strong></span> <span class='ocrx_word' id='word_1_107' title='bbox 555 1547 732 1635; x_wconf 87' lang='lat' dir='ltr'><strong>utriusque</strong></span> <span class='ocrx_word' id='word_1_108' title='bbox 746 1552 905 1614; x_wconf 47' lang='lat' dir='ltr'><strong>nostrum:</strong></span> <span class='ocrx_word' id='word_1_109' title='bbox 912 1543 1112 1612; x_wconf 78' lang='lat' dir='ltr'><strong>exercitatio</strong></span> <span class='ocrx_word' id='word_1_110' title='bbox 1120 1564 1207 1634; x_wconf 84' lang='lat' dir='ltr'><strong>peu-</strong></span> 
     </span>
     <span class='ocr_line' id='line_1_15' title="bbox 119 1631 1214 1722; baseline -0.001 -25"><span class='ocrx_word' id='word_1_111' title='bbox 119 1631 157 1697; x_wconf 84' lang='lat' dir='ltr'><strong>lo</strong></span> <span class='ocrx_word' id='word_1_112' title='bbox 168 1637 263 1713; x_wconf 85' lang='lat' dir='ltr'><strong>ante,</strong></span> <span class='ocrx_word' id='word_1_113' title='bbox 285 1654 385 1719; x_wconf 88' lang='lat' dir='ltr'><strong>quam</strong></span> <span class='ocrx_word' id='word_1_114' title='bbox 398 1633 617 1722; x_wconf 85' lang='lat' dir='ltr'><strong>perterritum</strong></span> <span class='ocrx_word' id='word_1_115' title='bbox 632 1635 809 1701; x_wconf 82' lang='lat' dir='ltr'><strong>armishoe</strong></span> <span class='ocrx_word' id='word_1_116' title='bbox 824 1633 985 1714; x_wconf 83' lang='lat' dir='ltr'><strong>studium,</strong></span> <span class='ocrx_word' id='word_1_117' title='bbox 1006 1632 1127 1714; x_wconf 64' lang='lat' dir='ltr'><strong>Brute·</strong></span> <span class='ocrx_word' id='word_1_118' title='bbox 1145 1634 1214 1697; x_wconf 66' lang='lat' dir='ltr'><strong>nod</strong></span> 
     </span>
     <span class='ocr_line' id='line_1_16' title="bbox 120 1718 1207 1808; baseline 0.002 -24"><span class='ocrx_word' id='word_1_119' title='bbox 120 1725 231 1791; x_wconf 85' lang='lat' dir='ltr'><strong>strum</strong></span> <span class='ocrx_word' id='word_1_120' title='bbox 254 1721 416 1786; x_wconf 81' lang='lat' dir='ltr'>conticuit</span> <span class='ocrx_word' id='word_1_121' title='bbox 437 1720 552 1787; x_wconf 87' lang='lat' dir='ltr'><strong>subito</strong></span> <span class='ocrx_word' id='word_1_122' title='bbox 573 1727 608 1787; x_wconf 90' lang='lat' dir='ltr'><strong>et</strong></span> <span class='ocrx_word' id='word_1_123' title='bbox 632 1721 818 1793; x_wconf 72' lang='lat' dir='ltr'><strong>obmutuits</strong></span> <span class='ocrx_word' id='word_1_124' title='bbox 849 1744 925 1791; x_wconf 85' lang='lat' dir='ltr'><strong>uum</strong></span> <span class='ocrx_word' id='word_1_125' title='bbox 944 1724 1019 1807; x_wconf 82' lang='lat' dir='ltr'><strong>legs</strong></span> <span class='ocrx_word' id='word_1_126' title='bbox 1042 1718 1207 1808; x_wconf 79' lang='lat' dir='ltr'><strong>Pompeia</strong></span> 
     </span>
     <span class='ocr_line' id='line_1_17' title="bbox 121 1806 1206 1891; baseline 0.003 -22"><span class='ocrx_word' id='word_1_127' title='bbox 121 1807 229 1872; x_wconf 85' lang='lat' dir='ltr'><strong>ternis</strong></span> <span class='ocrx_word' id='word_1_128' title='bbox 258 1806 350 1874; x_wconf 87' lang='lat' dir='ltr'><strong>horis</strong></span> <span class='ocrx_word' id='word_1_129' title='bbox 379 1806 423 1873; x_wconf 84' lang='lat' dir='ltr'><strong>ad</strong></span> <span class='ocrx_word' id='word_1_130' title='bbox 449 1806 625 1874; x_wconf 82' lang='lat' dir='ltr'><strong>dicendum</strong></span> <span class='ocrx_word' id='word_1_131' title='bbox 651 1808 770 1891; x_wconf 82' lang='lat' dir='ltr'><strong>datis‚&#39;</strong></span> <span class='ocrx_word' id='word_1_132' title='bbox 798 1808 841 1875; x_wconf 84' lang='lat' dir='ltr'><strong>ad</strong></span> <span class='ocrx_word' id='word_1_133' title='bbox 865 1831 986 1876; x_wconf 84' lang='lat' dir='ltr'><strong>sauses</strong></span> <span class='ocrx_word' id='word_1_134' title='bbox 1012 1808 1206 1879; x_wconf 69' lang='lat' dir='ltr'><strong>simillimos</strong></span> 
     </span>
     <span class='ocr_line' id='line_1_18' title="bbox 120 1890 1208 1985; baseline 0.001 -28"><span class='ocrx_word' id='word_1_135' title='bbox 120 1890 213 1958; x_wconf 85' lang='lat' dir='ltr'><strong>inter</strong></span> <span class='ocrx_word' id='word_1_136' title='bbox 225 1915 262 1960; x_wconf 88' lang='lat' dir='ltr'><strong>se</strong></span> <span class='ocrx_word' id='word_1_137' title='bbox 274 1897 329 1961; x_wconf 86' lang='lat' dir='ltr'><strong>vei</strong></span> <span class='ocrx_word' id='word_1_138' title='bbox 341 1896 454 1982; x_wconf 86' lang='lat' dir='ltr'><strong>potius</strong></span> <span class='ocrx_word' id='word_1_139' title='bbox 470 1895 605 1962; x_wconf 85' lang='lat' dir='ltr'><strong>easdem</strong></span> <span class='ocrx_word' id='word_1_140' title='bbox 620 1897 696 1963; x_wconf 74' lang='lat' dir='ltr'><strong>noti</strong></span> <span class='ocrx_word' id='word_1_141' title='bbox 711 1897 922 1964; x_wconf 77' lang='lat' dir='ltr'><strong>veniebamus</strong></span> <span class='ocrx_word' id='word_1_142' title='bbox 932 1895 1102 1985; x_wconf 59' lang='lat' dir='ltr'><strong>quotidie}</strong></span> <span class='ocrx_word' id='word_1_143' title='bbox 1130 1892 1208 1981; x_wconf 85' lang='lat' dir='ltr'><strong>qui·</strong></span> 
     </span>
     <span class='ocr_line' id='line_1_19' title="bbox 121 1976 1206 2075; baseline 0.002 -31"><span class='ocrx_word' id='word_1_144' title='bbox 121 1976 187 2059; x_wconf 73' lang='lat' dir='ltr'><strong>isus</strong></span> <span class='ocrx_word' id='word_1_145' title='bbox 200 1980 333 2075; x_wconf 75' lang='lat' dir='ltr'><strong>quidem</strong></span> <span class='ocrx_word' id='word_1_146' title='bbox 348 1983 466 2059; x_wconf 70' lang='lat' dir='ltr'><strong>oauiis&#39;</strong></span> <span class='ocrx_word' id='word_1_147' title='bbox 477 1986 517 2051; x_wconf 88' lang='lat' dir='ltr'><strong>t&#39;u</strong></span> <span class='ocrx_word' id='word_1_148' title='bbox 537 1986 656 2067; x_wconf 90' lang='lat' dir='ltr'><strong>etiam,</strong></span> <span class='ocrx_word' id='word_1_149' title='bbox 677 1982 804 2066; x_wconf 73' lang='lat' dir='ltr'><strong>Brute„</strong></span> <span class='ocrx_word' id='word_1_150' title='bbox 825 1988 963 2073; x_wconf 83' lang='lat' dir='ltr'><strong>p&#39;raesto</strong></span> <span class='ocrx_word' id='word_1_151' title='bbox 978 1983 1101 2063; x_wconf 74' lang='lat' dir='ltr'><strong>fuisti„</strong></span> <span class='ocrx_word' id='word_1_152' title='bbox 1115 1983 1206 2059; x_wconf 87' lang='lat' dir='ltr'><strong>oom-</strong></span> 
     </span>
     <span class='ocr_line' id='line_1_20' title="bbox 121 2068 1208 2159; baseline 0.002 -26"><span class='ocrx_word' id='word_1_153' title='bbox 121 2068 303 2158; x_wconf 70' lang='lat' dir='ltr'><strong>pluresque</strong></span> <span class='ocrx_word' id='word_1_154' title='bbox 332 2077 368 2137; x_wconf 91' lang='lat' dir='ltr'><strong>et</strong></span> <span class='ocrx_word' id='word_1_155' title='bbox 386 2072 561 2153; x_wconf 68' lang='lat' dir='ltr'><strong>nobiseum</strong></span> <span class='ocrx_word' id='word_1_156' title='bbox 584 2079 619 2139; x_wconf 89' lang='lat' dir='ltr'><strong>et</strong></span> <span class='ocrx_word' id='word_1_157' title='bbox 634 2072 868 2159; x_wconf 72' lang='lat' dir='ltr'><strong>solusegisti:¹</strong></span> <span class='ocrx_word' id='word_1_158' title='bbox 885 2080 943 2154; x_wconf 87' lang='lat' dir='ltr'><strong>ut,</strong></span> <span class='ocrx_word' id='word_1_159' title='bbox 965 2071 1023 2159; x_wconf 90' lang='lat' dir='ltr'><strong>qui</strong></span> <span class='ocrx_word' id='word_1_160' title='bbox 1038 2068 1208 2151; x_wconf 75' lang='lat' dir='ltr'><strong>nonsatis</strong></span> 
     </span>
     <span class='ocr_line' id='line_1_21' title="bbox 120 2154 1206 2239; baseline 0.005 -17"><span class='ocrx_word' id='word_1_161' title='bbox 120 2154 181 2222; x_wconf 82' lang='lat' dir='ltr'><strong>diu</strong></span> <span class='ocrx_word' id='word_1_162' title='bbox 208 2158 331 2226; x_wconf 83' lang='lat' dir='ltr'><strong>vixerit</strong></span> <span class='ocrx_word' id='word_1_163' title='bbox 358 2156 583 2239; x_wconf 79' lang='lat' dir='ltr'><strong>Hortensius,</strong></span> <span class='ocrx_word' id='word_1_164' title='bbox 612 2160 832 2226; x_wconf 77' lang='lat' dir='ltr'><strong>tementimuo</strong></span> <span class='ocrx_word' id='word_1_165' title='bbox 855 2176 990 2227; x_wconf 88' lang='lat' dir='ltr'><strong>oursurn</strong></span> <span class='ocrx_word' id='word_1_166' title='bbox 1011 2157 1206 2227; x_wconf 67' lang='lat' dir='ltr'><strong>confecerit.</strong></span> 
     </span>
     <span class='ocr_line' id='line_1_22' title="bbox 119 2241 1307 2333; baseline -0.003 -21"><span class='ocrx_word' id='word_1_167' title='bbox 119 2242 234 2312; x_wconf 80' lang='lat' dir='ltr'><strong>Annis</strong></span> <span class='ocrx_word' id='word_1_168' title='bbox 251 2255 328 2311; x_wconf 88' lang='lat' dir='ltr'><strong>aute</strong></span> <span class='ocrx_word' id='word_1_169' title='bbox 343 2241 458 2309; x_wconf 81' lang='lat' dir='ltr'><strong>desem</strong></span> <span class='ocrx_word' id='word_1_170' title='bbox 473 2267 593 2312; x_wconf 88' lang='lat' dir='ltr'><strong>oausas</strong></span> <span class='ocrx_word' id='word_1_171' title='bbox 609 2266 708 2328; x_wconf 83' lang='lat' dir='ltr'><strong>agero</strong></span> <span class='ocrx_word' id='word_1_172' title='bbox 723 2247 856 2333; x_wconf 71' lang='lat' dir='ltr'><strong>eoepit„</strong></span> <span class='ocrx_word' id='word_1_173' title='bbox 874 2268 973 2333; x_wconf 85' lang='lat' dir='ltr'><strong>quam</strong></span> <span class='ocrx_word' id='word_1_174' title='bbox 988 2251 1027 2314; x_wconf 89' lang='lat' dir='ltr'><strong>tu</strong></span> <span class='ocrx_word' id='word_1_175' title='bbox 1042 2266 1079 2310; x_wconf 89' lang='lat' dir='ltr'><strong>es</strong></span> <span class='ocrx_word' id='word_1_176' title='bbox 1092 2250 1207 2333; x_wconf 82' lang='lat' dir='ltr'><strong>uatus.</strong></span> <span class='ocrx_word' id='word_1_177' title='bbox 1304 2258 1307 2265; x_wconf 80' lang='grc'>’</span> 
     </span>
     <span class='ocr_line' id='line_1_23' title="bbox 121 2324 1207 2425; baseline -0.001 -29"><span class='ocrx_word' id='word_1_178' title='bbox 121 2329 281 2415; x_wconf 86' lang='lat' dir='ltr'><strong>idemque</strong></span> <span class='ocrx_word' id='word_1_179' title='bbox 303 2337 426 2418; x_wconf 88' lang='lat' dir='ltr'><strong>quarto</strong></span> <span class='ocrx_word' id='word_1_180' title='bbox 446 2337 481 2395; x_wconf 86' lang='lat' dir='ltr'><strong>et</strong></span> <span class='ocrx_word' id='word_1_181' title='bbox 500 2331 707 2416; x_wconf 80' lang='lat' dir='ltr'><strong>sexagesimo</strong></span> <span class='ocrx_word' id='word_1_182' title='bbox 725 2344 810 2397; x_wconf 82' lang='lat' dir='ltr'><strong>anno</strong></span> <span class='ocrx_word' id='word_1_183' title='bbox 828 2331 1008 2425; x_wconf 77' lang='lat' dir='ltr'><strong>perpaucis</strong></span> <span class='ocrx_word' id='word_1_184' title='bbox 1023 2324 1102 2398; x_wconf 68' lang='lat' dir='ltr'><strong>ante‘</strong></span> <span class='ocrx_word' id='word_1_185' title='bbox 1117 2351 1207 2419; x_wconf 78' lang='lat' dir='ltr'><strong>mor-</strong></span> 
     </span>
     <span class='ocr_line' id='line_1_24' title="bbox 120 2415 1208 2507; baseline 0.005 -25"><span class='ocrx_word' id='word_1_186' title='bbox 120 2421 191 2482; x_wconf 85' lang='lat' dir='ltr'><strong>tem</strong></span> <span class='ocrx_word' id='word_1_187' title='bbox 211 2415 330 2482; x_wconf 83' lang='lat' dir='ltr'><strong>diebus</strong></span> <span class='ocrx_word' id='word_1_188' title='bbox 353 2437 419 2483; x_wconf 87' lang='lat' dir='ltr'><strong>uua</strong></span> <span class='ocrx_word' id='word_1_189' title='bbox 445 2423 556 2482; x_wconf 81' lang='lat' dir='ltr'><strong>tusum</strong></span> <span class='ocrx_word' id='word_1_190' title='bbox 577 2438 728 2484; x_wconf 75' lang='lat' dir='ltr'><strong>soterum</strong></span> <span class='ocrx_word' id='word_1_191' title='bbox 751 2425 848 2484; x_wconf 90' lang='lat' dir='ltr'><strong>tuum</strong></span> <span class='ocrx_word' id='word_1_192' title='bbox 869 2416 1020 2507; x_wconf 68' lang='lat' dir='ltr'><strong>defendit</strong></span> <span class='ocrx_word' id='word_1_193' title='bbox 1038 2415 1208 2506; x_wconf 77' lang='lat' dir='ltr'><strong>Appium.</strong></span> 
     </span>
     <span class='ocr_line' id='line_1_25' title="bbox 121 2501 1206 2594; baseline 0.003 -24"><span class='ocrx_word' id='word_1_194' title='bbox 121 2501 268 2582; x_wconf 81' lang='lat' dir='ltr'><strong>Dieendi</strong></span> <span class='ocrx_word' id='word_1_195' title='bbox 289 2510 401 2570; x_wconf 86' lang='lat' dir='ltr'><strong>autem</strong></span> <span class='ocrx_word' id='word_1_196' title='bbox 421 2525 528 2590; x_wconf 78' lang='lat' dir='ltr'><strong>genus</strong></span> <span class='ocrx_word' id='word_1_197' title='bbox 550 2503 642 2591; x_wconf 83' lang='lat' dir='ltr'><strong>quod</strong></span> <span class='ocrx_word' id='word_1_198' title='bbox 661 2504 821 2572; x_wconf 87' lang='lat' dir='ltr'><strong>fueritin</strong></span> <span class='ocrx_word' id='word_1_199' title='bbox 840 2512 1006 2594; x_wconf 82' lang='lat' dir='ltr'><strong>utroque,</strong></span> <span class='ocrx_word' id='word_1_200' title='bbox 1036 2505 1206 2573; x_wconf 79' lang='lat' dir='ltr'><strong>orationes</strong></span> 
     </span>
     <span class='ocr_line' id='line_1_26' title="bbox 123 2589 1217 2689; baseline 0.004 -32"><span class='ocrx_word' id='word_1_201' title='bbox 123 2589 304 2687; x_wconf 78' lang='lat' dir='ltr'><strong>utriusque</strong></span> <span class='ocrx_word' id='word_1_202' title='bbox 317 2591 419 2666; x_wconf 87' lang='lat' dir='ltr'><strong>etiam</strong></span> <span class='ocrx_word' id='word_1_203' title='bbox 433 2593 583 2683; x_wconf 78' lang='lat' dir='ltr'><strong>posteris</strong></span> <span class='ocrx_word' id='word_1_204' title='bbox 598 2590 950 2689; x_wconf 72' lang='lat' dir='ltr'><strong>nostrisinaiieahuut.</strong></span> <span class='ocrx_word' id='word_1_205' title='bbox 1210 2600 1217 2621; x_wconf 75' lang='lat'><strong>¹</strong></span> 
     </span>
    </p>
   </div>
   <div class='ocr_carea' id='block_1_3' title="bbox 138 2766 1110 3047">
    <p class='ocr_par' dir='ltr' id='par_1_3' title="bbox 190 2766 1110 2905">
     <span class='ocr_line' id='line_1_27' title="bbox 190 2766 1110 2841; baseline -0.001 -21"><span class='ocrx_word' id='word_1_206' title='bbox 190 2766 370 2833; x_wconf 62' lang='lat' dir='ltr'><strong>impellere]-</strong></span> <span class='ocrx_word' id='word_1_207' title='bbox 381 2769 529 2836; x_wconf 74' lang='lat' dir='ltr'><strong>impellere</strong></span> <span class='ocrx_word' id='word_1_208' title='bbox 546 2772 627 2841; x_wconf 70' lang='lat' dir='ltr'><strong>Hm,</strong></span> <span class='ocrx_word' id='word_1_209' title='bbox 650 2770 717 2823; x_wconf 79' lang='lat' dir='ltr'><strong>item</strong></span> <span class='ocrx_word' id='word_1_210' title='bbox 732 2776 763 2821; x_wconf 86' lang='lat' dir='ltr'><strong>nt</strong></span> <span class='ocrx_word' id='word_1_211' title='bbox 780 2782 864 2833; x_wconf 79' lang='lat' dir='ltr'><strong>supro</strong></span> <span class='ocrx_word' id='word_1_212' title='bbox 881 2768 1051 2825; x_wconf 75' lang='lat' dir='ltr'><strong>traducere.</strong></span> <span class='ocrx_word' id='word_1_213' title='bbox 1101 2814 1110 2826; x_wconf 68' lang='grc'><strong>,.</strong></span> 
     </span>
     <span class='ocr_line' id='line_1_28' title="bbox 192 2837 937 2905; baseline -0.001 -12"><span class='ocrx_word' id='word_1_214' title='bbox 192 2838 224 2893; x_wconf 80' lang='lat'><strong>0·</strong></span> <span class='ocrx_word' id='word_1_215' title='bbox 237 2837 283 2892; x_wconf 86' lang='grc'><strong>94.</strong></span> <span class='ocrx_word' id='word_1_216' title='bbox 296 2843 357 2891; x_wconf 79' lang='grc'><strong>525.</strong></span> <span class='ocrx_word' id='word_1_217' title='bbox 391 2842 438 2891; x_wconf 73' lang='lat' dir='ltr'><strong>Sic</strong></span> <span class='ocrx_word' id='word_1_218' title='bbox 452 2841 606 2903; x_wconf 76' lang='lat' dir='ltr'><strong>duodecim]</strong></span> <span class='ocrx_word' id='word_1_219' title='bbox 629 2841 674 2893; x_wconf 81' lang='lat' dir='ltr'><strong>sie</strong></span> <span class='ocrx_word' id='word_1_220' title='bbox 690 2841 721 2894; x_wconf 79' lang='lat' dir='ltr'><strong>et</strong></span> <span class='ocrx_word' id='word_1_221' title='bbox 736 2838 937 2905; x_wconf 69' lang='lat' dir='ltr'><strong>duodecimi).</strong></span> 
     </span>
    </p>

    <p class='ocr_par' dir='ltr' id='par_1_4' title="bbox 138 2894 844 3047">
     <span class='ocr_line' id='line_1_29' title="bbox 138 2894 844 2976; baseline 0.001 -17"><span class='ocrx_word' id='word_1_222' title='bbox 138 2962 141 2966; x_wconf 76' lang='grc'><em>,</em></span> <span class='ocrx_word' id='word_1_223' title='bbox 193 2906 255 2959; x_wconf 75' lang='lat' dir='ltr'><strong>aas.</strong></span> <span class='ocrx_word' id='word_1_224' title='bbox 290 2894 375 2970; x_wconf 75' lang='lat' dir='ltr'><strong>atem]</strong></span> <span class='ocrx_word' id='word_1_225' title='bbox 398 2910 532 2976; x_wconf 67' lang='lat' dir='ltr'><strong>sosmqos</strong></span> <span class='ocrx_word' id='word_1_226' title='bbox 550 2911 649 2975; x_wconf 72' lang='lat' dir='ltr'><strong>scripsi</strong></span> <span class='ocrx_word' id='word_1_227' title='bbox 663 2923 725 2965; x_wconf 83' lang='lat' dir='ltr'><strong>oum</strong></span> <span class='ocrx_word' id='word_1_228' title='bbox 741 2911 783 2963; x_wconf 81' lang='lat' dir='ltr'><strong>en</strong></span> <span class='ocrx_word' id='word_1_229' title='bbox 801 2922 844 2976; x_wconf 76' lang='lat' dir='ltr'><strong>pr.</strong></span> 
     </span>
     <span class='ocr_line' id='line_1_30' title="bbox 192 2979 624 3047; baseline -0.005 -13"><span class='ocrx_word' id='word_1_230' title='bbox 192 2979 289 3047; x_wconf 74' lang='lat' dir='ltr'><strong>quum</strong></span> <span class='ocrx_word' id='word_1_231' title='bbox 307 2982 348 3042; x_wconf 87' lang='lat' dir='ltr'><strong>et]</strong></span> <span class='ocrx_word' id='word_1_232' title='bbox 372 2979 457 3035; x_wconf 85' lang='lat' dir='ltr'><strong>Deest</strong></span> <span class='ocrx_word' id='word_1_233' title='bbox 474 2983 505 3040; x_wconf 83' lang='lat' dir='ltr'><strong>et</strong></span> <span class='ocrx_word' id='word_1_234' title='bbox 522 2981 565 3033; x_wconf 79' lang='lat' dir='ltr'><strong>ed.</strong></span> <span class='ocrx_word' id='word_1_235' title='bbox 582 2994 624 3045; x_wconf 78' lang='lat' dir='ltr'><strong>pr.</strong></span> 
     </span>
    </p>
   </div>
   <div class='ocr_carea' id='block_1_4' title="bbox 88 3143 1239 4325">
    <p class='ocr_par' dir='ltr' id='par_1_5' title="bbox 88 3143 1239 4325">
     <span class='ocr_line' id='line_1_31' title="bbox 122 3143 1239 3208; baseline -0.002 -11"><span class='ocrx_word' id='word_1_236' title='bbox 122 3149 279 3204; x_wconf 75' lang='lat' dir='ltr'><strong>incenderet</strong></span> <span class='ocrx_word' id='word_1_237' title='bbox 290 3150 466 3205; x_wconf 77' lang='lat' dir='ltr'><strong>iracundiam.</strong></span> <span class='ocrx_word' id='word_1_238' title='bbox 499 3151 543 3206; x_wconf 77' lang='lat' dir='ltr'><strong>Gt.</strong></span> <span class='ocrx_word' id='word_1_239' title='bbox 559 3154 647 3205; x_wconf 67' lang='lat' dir='ltr'><strong>Hune</strong></span> <span class='ocrx_word' id='word_1_240' title='bbox 739 3152 810 3203; x_wconf 81' lang='lat' dir='ltr'><strong>nune</strong></span> <span class='ocrx_word' id='word_1_241' title='bbox 862 3149 984 3208; x_wconf 79' lang='lat' dir='ltr'><strong>cursum]</strong></span> <span class='ocrx_word' id='word_1_242' title='bbox 1047 3143 1239 3197; x_wconf 67' lang='lat' dir='ltr'><strong>Hortensius-</strong></span> 
     </span>
     <span class='ocr_line' id='line_1_32' title="bbox 118 3215 1215 3284; baseline -0.005 -12"><span class='ocrx_word' id='word_1_243' title='bbox 118 3221 153 3272; x_wconf 84' lang='lat' dir='ltr'><strong>iu</strong></span> <span class='ocrx_word' id='word_1_244' title='bbox 165 3221 244 3269; x_wconf 69' lang='lat' dir='ltr'><strong>rurs·</strong></span> <span class='ocrx_word' id='word_1_245' title='bbox 261 3222 292 3270; x_wconf 77' lang='grc' dir='ltr'><strong>Τ.</strong></span> <span class='ocrx_word' id='word_1_246' title='bbox 309 3222 360 3272; x_wconf 84' lang='lat'><em>111.</em></span> <span class='ocrx_word' id='word_1_247' title='bbox 380 3237 405 3284; x_wconf 74' lang='grc' dir='ltr'><strong>ι).</strong></span> <span class='ocrx_word' id='word_1_248' title='bbox 419 3222 481 3276; x_wconf 88' lang='grc'><strong>580.</strong></span> <span class='ocrx_word' id='word_1_249' title='bbox 689 3218 796 3272; x_wconf 82' lang='lat' dir='ltr'><strong>etiamsi</strong></span> <span class='ocrx_word' id='word_1_250' title='bbox 808 3215 908 3270; x_wconf 79' lang='lat' dir='ltr'><strong>diutius</strong></span> <span class='ocrx_word' id='word_1_251' title='bbox 921 3219 1019 3268; x_wconf 85' lang='lat' dir='ltr'><strong>vivere</strong></span> <span class='ocrx_word' id='word_1_252' title='bbox 1031 3223 1133 3280; x_wconf 77' lang='lat' dir='ltr'><strong>posset,</strong></span> <span class='ocrx_word' id='word_1_253' title='bbox 1149 3227 1215 3267; x_wconf 79' lang='lat' dir='ltr'><strong>me·</strong></span> 
     </span>
     <span class='ocr_line' id='line_1_33' title="bbox 162 3284 1212 3354; baseline -0.003 -17"><span class='ocrx_word' id='word_1_254' title='bbox 162 3289 211 3337; x_wconf 81' lang='lat' dir='ltr'><strong>-ud</strong></span> <span class='ocrx_word' id='word_1_255' title='bbox 223 3290 326 3350; x_wconf 76' lang='lat' dir='ltr'><strong>uenam]</strong></span> <span class='ocrx_word' id='word_1_256' title='bbox 350 3292 389 3343; x_wconf 86' lang='lat' dir='ltr'><strong>V.</strong></span> <span class='ocrx_word' id='word_1_257' title='bbox 401 3293 492 3342; x_wconf 84' lang='lat' dir='ltr'><strong>annet.</strong></span> <span class='ocrx_word' id='word_1_258' title='bbox 504 3291 533 3342; x_wconf 90' lang='lat' dir='ltr'><strong>in</strong></span> <span class='ocrx_word' id='word_1_259' title='bbox 547 3305 570 3342; x_wconf 86' lang='lat' dir='ltr'><strong>o.</strong></span> <span class='ocrx_word' id='word_1_260' title='bbox 585 3289 629 3343; x_wconf 79' lang='lat'><strong>51.</strong></span> <span class='ocrx_word' id='word_1_261' title='bbox 689 3303 770 3354; x_wconf 82' lang='lat' dir='ltr'><strong>gnum</strong></span> <span class='ocrx_word' id='word_1_262' title='bbox 784 3297 874 3341; x_wconf 87' lang='lat' dir='ltr'><strong>tamen</strong></span> <span class='ocrx_word' id='word_1_263' title='bbox 887 3300 996 3339; x_wconf 85' lang='lat' dir='ltr'><strong>sursum</strong></span> <span class='ocrx_word' id='word_1_264' title='bbox 1009 3285 1065 3336; x_wconf 84' lang='lat' dir='ltr'><strong>iam</strong></span> <span class='ocrx_word' id='word_1_265' title='bbox 1082 3284 1212 3334; x_wconf 82' lang='lat' dir='ltr'><strong>oontsee-</strong></span> 
     </span>
     <span class='ocr_line' id='line_1_34' title="bbox 177 3355 1218 3427; baseline -0.002 -22"><span class='ocrx_word' id='word_1_266' title='bbox 177 3357 208 3407; x_wconf 82' lang='grc'><strong>0.</strong></span> <span class='ocrx_word' id='word_1_267' title='bbox 221 3355 266 3410; x_wconf 85' lang='grc'><strong>94.</strong></span> <span class='ocrx_word' id='word_1_268' title='bbox 280 3361 341 3411; x_wconf 80' lang='lat'><strong>³23.</strong></span> <span class='ocrx_word' id='word_1_269' title='bbox 376 3371 447 3411; x_wconf 82' lang='lat' dir='ltr'><strong>enno</strong></span> <span class='ocrx_word' id='word_1_270' title='bbox 467 3364 541 3423; x_wconf 84' lang='lat' dir='ltr'><strong>meo]</strong></span> <span class='ocrx_word' id='word_1_271' title='bbox 566 3358 647 3412; x_wconf 81' lang='lat' dir='ltr'><strong>Anno</strong></span> <span class='ocrx_word' id='word_1_272' title='bbox 689 3367 750 3427; x_wconf 86' lang='lat' dir='ltr'><strong>rat,</strong></span> <span class='ocrx_word' id='word_1_273' title='bbox 775 3360 820 3422; x_wconf 81' lang='lat' dir='ltr'><strong>qut</strong></span> <span class='ocrx_word' id='word_1_274' title='bbox 840 3358 983 3408; x_wconf 88' lang='lat' dir='ltr'><strong>multorum</strong></span> <span class='ocrx_word' id='word_1_275' title='bbox 1001 3365 1130 3427; x_wconf 78' lang='lat' dir='ltr'><strong>annornm</strong></span> <span class='ocrx_word' id='word_1_276' title='bbox 1145 3364 1218 3416; x_wconf 55' lang='lat' dir='ltr'><strong>spe&lt;</strong></span> 
     </span>
     <span class='ocr_line' id='line_1_35' title="bbox 123 3421 1215 3497; baseline -0.008 -17"><span class='ocrx_word' id='word_1_277' title='bbox 123 3427 262 3497; x_wconf 80' lang='lat' dir='ltr'><strong>legitimo,</strong></span> <span class='ocrx_word' id='word_1_278' title='bbox 288 3428 407 3491; x_wconf 85' lang='lat' dir='ltr'><strong>quierat</strong></span> <span class='ocrx_word' id='word_1_279' title='bbox 427 3433 647 3495; x_wconf 80' lang='lat' dir='ltr'><strong>annusquadra-</strong></span> <span class='ocrx_word' id='word_1_280' title='bbox 689 3429 755 3479; x_wconf 86' lang='lat' dir='ltr'><strong>tium</strong></span> <span class='ocrx_word' id='word_1_281' title='bbox 775 3429 804 3478; x_wconf 89' lang='lat' dir='ltr'><strong>in</strong></span> <span class='ocrx_word' id='word_1_282' title='bbox 822 3427 882 3477; x_wconf 83' lang='lat' dir='ltr'><strong>toro</strong></span> <span class='ocrx_word' id='word_1_283' title='bbox 901 3425 1089 3488; x_wconf 74' lang='lat' dir='ltr'><strong>transegisset.</strong></span> <span class='ocrx_word' id='word_1_284' title='bbox 1132 3421 1215 3473; x_wconf 85' lang='lat' dir='ltr'><strong>lilius</strong></span> 
     </span>
     <span class='ocr_line' id='line_1_36' title="bbox 124 3486 1214 3561; baseline -0.006 -15"><span class='ocrx_word' id='word_1_285' title='bbox 124 3497 244 3561; x_wconf 81' lang='lat' dir='ltr'><strong>gesimus</strong></span> <span class='ocrx_word' id='word_1_286' title='bbox 258 3486 363 3548; x_wconf 72' lang='lat' dir='ltr'><strong>tertius.</strong></span> <span class='ocrx_word' id='word_1_287' title='bbox 381 3499 474 3551; x_wconf 74' lang='lat' dir='ltr'><strong>Gessit</strong></span> <span class='ocrx_word' id='word_1_288' title='bbox 483 3509 573 3552; x_wconf 83' lang='lat' dir='ltr'><strong>eutem</strong></span> <span class='ocrx_word' id='word_1_289' title='bbox 581 3513 647 3551; x_wconf 83' lang='lat' dir='ltr'><strong>oon·</strong></span> <span class='ocrx_word' id='word_1_290' title='bbox 688 3505 780 3551; x_wconf 78' lang='lat' dir='ltr'><strong>sutem</strong></span> <span class='ocrx_word' id='word_1_291' title='bbox 798 3509 895 3548; x_wconf 84' lang='lat' dir='ltr'><strong>cursus</strong></span> <span class='ocrx_word' id='word_1_292' title='bbox 915 3494 959 3557; x_wconf 81' lang='lat' dir='ltr'><strong>qui</strong></span> <span class='ocrx_word' id='word_1_293' title='bbox 979 3492 1079 3544; x_wconf 80' lang='lat' dir='ltr'><strong>tuerint</strong></span> <span class='ocrx_word' id='word_1_294' title='bbox 1097 3489 1214 3541; x_wconf 81' lang='lat' dir='ltr'><strong>extremi</strong></span> 
     </span>
     <span class='ocr_line' id='line_1_37' title="bbox 125 3559 1213 3635; baseline -0.006 -20"><span class='ocrx_word' id='word_1_295' title='bbox 125 3568 244 3617; x_wconf 82' lang='lat' dir='ltr'><strong>sulatum</strong></span> <span class='ocrx_word' id='word_1_296' title='bbox 265 3580 291 3617; x_wconf 81' lang='lat' dir='ltr'><strong>a.</strong></span> <span class='ocrx_word' id='word_1_297' title='bbox 312 3569 373 3618; x_wconf 86' lang='grc'><strong>691.</strong></span> <span class='ocrx_word' id='word_1_298' title='bbox 405 3580 455 3618; x_wconf 84' lang='lat' dir='ltr'><strong>sex</strong></span> <span class='ocrx_word' id='word_1_299' title='bbox 478 3569 557 3621; x_wconf 89' lang='lat' dir='ltr'><strong>annis</strong></span> <span class='ocrx_word' id='word_1_300' title='bbox 584 3575 647 3635; x_wconf 77' lang='lat' dir='ltr'><strong>post</strong></span> <span class='ocrx_word' id='word_1_301' title='bbox 688 3568 758 3619; x_wconf 84' lang='lat' dir='ltr'><strong>flues</strong></span> <span class='ocrx_word' id='word_1_302' title='bbox 773 3565 899 3618; x_wconf 88' lang='lat' dir='ltr'><strong>ooutinuo</strong></span> <span class='ocrx_word' id='word_1_303' title='bbox 912 3564 1049 3629; x_wconf 82' lang='lat' dir='ltr'><strong>declaret,</strong></span> <span class='ocrx_word' id='word_1_304' title='bbox 1067 3562 1101 3615; x_wconf 85' lang='lat' dir='ltr'><strong>eb</strong></span> <span class='ocrx_word' id='word_1_305' title='bbox 1115 3559 1213 3629; x_wconf 68' lang='lat' dir='ltr'><strong>stitit.</strong></span> 
     </span>
     <span class='ocr_line' id='line_1_38' title="bbox 125 3627 1217 3703; baseline -0.008 -16"><span class='ocrx_word' id='word_1_306' title='bbox 125 3637 295 3687; x_wconf 85' lang='lat' dir='ltr'><strong>consulatum</strong></span> <span class='ocrx_word' id='word_1_307' title='bbox 308 3637 448 3688; x_wconf 79' lang='lat' dir='ltr'><strong>Hortensii</strong></span> <span class='ocrx_word' id='word_1_308' title='bbox 461 3651 487 3690; x_wconf 81' lang='lat' dir='ltr'><strong>e.</strong></span> <span class='ocrx_word' id='word_1_309' title='bbox 499 3636 560 3690; x_wconf 86' lang='grc'><strong>685.</strong></span> <span class='ocrx_word' id='word_1_310' title='bbox 689 3637 829 3699; x_wconf 79' lang='lat' dir='ltr'><strong>protectus</strong></span> <span class='ocrx_word' id='word_1_311' title='bbox 849 3635 885 3687; x_wconf 83' lang='lat' dir='ltr'><strong>ed</strong></span> <span class='ocrx_word' id='word_1_312' title='bbox 904 3645 1004 3703; x_wconf 65' lang='lat' dir='ltr'><strong>amum</strong></span> <span class='ocrx_word' id='word_1_313' title='bbox 1022 3632 1077 3683; x_wconf 87' lang='lat' dir='ltr'><strong>viri</strong></span> <span class='ocrx_word' id='word_1_314' title='bbox 1091 3627 1217 3683; x_wconf 82' lang='lat' dir='ltr'><strong>novissi-</strong></span> 
     </span>
     <span class='ocr_line' id='line_1_39' title="bbox 176 3707 1178 3777; baseline 0.002 -23"><span class='ocrx_word' id='word_1_315' title='bbox 176 3707 329 3765; x_wconf 81' lang='lat' dir='ltr'><strong>duodecim]</strong></span> <span class='ocrx_word' id='word_1_316' title='bbox 349 3707 391 3755; x_wconf 81' lang='lat' dir='ltr'><strong>Ab</strong></span> <span class='ocrx_word' id='word_1_317' title='bbox 404 3710 501 3760; x_wconf 69' lang='lat' dir='ltr'><strong>atti.</strong></span> <span class='ocrx_word' id='word_1_318' title='bbox 517 3707 647 3769; x_wconf 78' lang='lat' dir='ltr'><strong>usquead</strong></span> <span class='ocrx_word' id='word_1_319' title='bbox 689 3718 771 3759; x_wconf 86' lang='lat' dir='ltr'><strong>mum.</strong></span> <span class='ocrx_word' id='word_1_320' title='bbox 1171 3765 1178 3777; x_wconf 94' lang='lat'><strong>.</strong></span> 
     </span>
     <span class='ocr_line' id='line_1_40' title="bbox 123 3770 1216 3840; baseline -0.006 -16"><span class='ocrx_word' id='word_1_321' title='bbox 123 3784 151 3824; x_wconf 81' lang='lat' dir='ltr'><strong>a·</strong></span> <span class='ocrx_word' id='word_1_322' title='bbox 163 3771 225 3826; x_wconf 81' lang='grc'><strong>704.</strong></span> <span class='ocrx_word' id='word_1_323' title='bbox 249 3787 301 3840; x_wconf 86' lang='lat' dir='ltr'><strong>quo</strong></span> <span class='ocrx_word' id='word_1_324' title='bbox 315 3787 385 3827; x_wconf 86' lang='lat' dir='ltr'><strong>euno</strong></span> <span class='ocrx_word' id='word_1_325' title='bbox 398 3777 516 3827; x_wconf 85' lang='lat' dir='ltr'><strong>deoessit</strong></span> <span class='ocrx_word' id='word_1_326' title='bbox 530 3779 647 3828; x_wconf 85' lang='lat' dir='ltr'><strong>Horten-</strong></span> <span class='ocrx_word' id='word_1_327' title='bbox 741 3772 821 3826; x_wconf 83' lang='lat' dir='ltr'><strong>senis</strong></span> <span class='ocrx_word' id='word_1_328' title='bbox 840 3772 904 3822; x_wconf 82' lang='lat' dir='ltr'><strong>ente</strong></span> <span class='ocrx_word' id='word_1_329' title='bbox 921 3771 1028 3831; x_wconf 82' lang='lat' dir='ltr'><strong>desem]</strong></span> <span class='ocrx_word' id='word_1_330' title='bbox 1050 3770 1216 3820; x_wconf 76' lang='lat' dir='ltr'><strong>Hortensius</strong></span> 
     </span>
     <span class='ocr_line' id='line_1_41' title="bbox 124 3836 1215 3909; baseline -0.006 -16"><span class='ocrx_word' id='word_1_331' title='bbox 124 3842 193 3893; x_wconf 89' lang='lat' dir='ltr'><strong>sius.</strong></span> <span class='ocrx_word' id='word_1_332' title='bbox 689 3842 805 3909; x_wconf 78' lang='lat' dir='ltr'><strong>primam</strong></span> <span class='ocrx_word' id='word_1_333' title='bbox 820 3853 931 3892; x_wconf 87' lang='lat' dir='ltr'><strong>enusam</strong></span> <span class='ocrx_word' id='word_1_334' title='bbox 943 3840 1011 3890; x_wconf 80' lang='lat' dir='ltr'><strong>dixit</strong></span> <span class='ocrx_word' id='word_1_335' title='bbox 1022 3850 1048 3889; x_wconf 84' lang='lat' dir='ltr'><strong>a·</strong></span> <span class='ocrx_word' id='word_1_336' title='bbox 1057 3836 1119 3888; x_wconf 89' lang='grc'><strong>659.</strong></span> <span class='ocrx_word' id='word_1_337' title='bbox 1142 3838 1215 3887; x_wconf 83' lang='lat' dir='ltr'><strong>Bru·</strong></span> 
     </span>
     <span class='ocr_line' id='line_1_42' title="bbox 145 3908 1102 3978; baseline -0.008 -16"><span class='ocrx_word' id='word_1_338' title='bbox 145 3914 148 3919; x_wconf 89' lang='lat'>&#39;</span> <span class='ocrx_word' id='word_1_339' title='bbox 176 3908 238 3964; x_wconf 79' lang='grc'><strong>524.</strong></span> <span class='ocrx_word' id='word_1_340' title='bbox 272 3914 352 3976; x_wconf 82' lang='lat' dir='ltr'><strong>paulo</strong></span> <span class='ocrx_word' id='word_1_341' title='bbox 365 3921 428 3965; x_wconf 84' lang='lat' dir='ltr'><strong>unte</strong></span> <span class='ocrx_word' id='word_1_342' title='bbox 442 3914 536 3978; x_wconf 83' lang='lat' dir='ltr'><strong>quem]</strong></span> <span class='ocrx_word' id='word_1_343' title='bbox 561 3913 647 3966; x_wconf 81' lang='lat' dir='ltr'><strong>Penio</strong></span> <span class='ocrx_word' id='word_1_344' title='bbox 690 3921 736 3966; x_wconf 88' lang='lat' dir='ltr'><strong>tus</strong></span> <span class='ocrx_word' id='word_1_345' title='bbox 749 3915 840 3965; x_wconf 86' lang='lat' dir='ltr'><strong>eutem</strong></span> <span class='ocrx_word' id='word_1_346' title='bbox 851 3918 933 3962; x_wconf 83' lang='lat' dir='ltr'><strong>uetus</strong></span> <span class='ocrx_word' id='word_1_347' title='bbox 948 3915 989 3958; x_wconf 89' lang='lat' dir='ltr'><strong>est</strong></span> <span class='ocrx_word' id='word_1_348' title='bbox 1003 3908 1102 3958; x_wconf 74' lang='lat' dir='ltr'><strong>e-669.</strong></span> 
     </span>
     <span class='ocr_line' id='line_1_43' title="bbox 122 3974 1216 4047; baseline -0.006 -15"><span class='ocrx_word' id='word_1_349' title='bbox 122 3987 274 4045; x_wconf 80' lang='lat' dir='ltr'><strong>antequam</strong></span> <span class='ocrx_word' id='word_1_350' title='bbox 283 3983 383 4033; x_wconf 86' lang='lat' dir='ltr'><strong>bellum</strong></span> <span class='ocrx_word' id='word_1_351' title='bbox 393 3984 475 4034; x_wconf 82' lang='lat' dir='ltr'><strong>civile</strong></span> <span class='ocrx_word' id='word_1_352' title='bbox 484 3984 556 4034; x_wconf 85' lang='lat' dir='ltr'><strong>inter</strong></span> <span class='ocrx_word' id='word_1_353' title='bbox 566 3985 647 4036; x_wconf 80' lang='lat' dir='ltr'><strong>Pom-</strong></span> <span class='ocrx_word' id='word_1_354' title='bbox 740 3989 837 4047; x_wconf 76' lang='lat' dir='ltr'><strong>questo</strong></span> <span class='ocrx_word' id='word_1_355' title='bbox 849 3989 878 4031; x_wconf 85' lang='lat' dir='ltr'><strong>et</strong></span> <span class='ocrx_word' id='word_1_356' title='bbox 890 3975 1078 4043; x_wconf 80' lang='lat' dir='ltr'><strong>sexagesimo}</strong></span> <span class='ocrx_word' id='word_1_357' title='bbox 1093 3974 1216 4025; x_wconf 86' lang='lat' dir='ltr'><strong>Horten-</strong></span> 
     </span>
     <span class='ocr_line' id='line_1_44' title="bbox 122 4043 1216 4115; baseline 0 -16"><span class='ocrx_word' id='word_1_358' title='bbox 122 4048 213 4114; x_wconf 78' lang='lat' dir='ltr'><strong>peium</strong></span> <span class='ocrx_word' id='word_1_359' title='bbox 227 4059 255 4100; x_wconf 82' lang='lat' dir='ltr'><strong>et</strong></span> <span class='ocrx_word' id='word_1_360' title='bbox 268 4051 415 4103; x_wconf 80' lang='lat' dir='ltr'><strong>Gaesarem</strong></span> <span class='ocrx_word' id='word_1_361' title='bbox 430 4053 526 4115; x_wconf 82' lang='lat' dir='ltr'><strong>erupit.</strong></span> <span class='ocrx_word' id='word_1_362' title='bbox 690 4052 750 4102; x_wconf 88' lang='lat' dir='ltr'><strong>sius</strong></span> <span class='ocrx_word' id='word_1_363' title='bbox 763 4054 844 4103; x_wconf 84' lang='lat' dir='ltr'><strong>natus</strong></span> <span class='ocrx_word' id='word_1_364' title='bbox 856 4062 883 4102; x_wconf 80' lang='lat' dir='ltr'><strong>a.</strong></span> <span class='ocrx_word' id='word_1_365' title='bbox 896 4045 958 4099; x_wconf 88' lang='grc'><strong>640.</strong></span> <span class='ocrx_word' id='word_1_366' title='bbox 976 4045 1036 4097; x_wconf 81' lang='lat' dir='ltr'><strong>vitu</strong></span> <span class='ocrx_word' id='word_1_367' title='bbox 1047 4043 1168 4096; x_wconf 71' lang='lat' dir='ltr'><strong>decessit</strong></span> <span class='ocrx_word' id='word_1_368' title='bbox 1187 4053 1216 4094; x_wconf 71' lang='lat'><strong>8·</strong></span> 
     </span>
     <span class='ocr_line' id='line_1_45' title="bbox 174 4119 752 4185; baseline 0.005 -17"><span class='ocrx_word' id='word_1_369' title='bbox 174 4120 236 4183; x_wconf 77' lang='lat' dir='ltr'><strong>lege</strong></span> <span class='ocrx_word' id='word_1_370' title='bbox 249 4121 389 4184; x_wconf 78' lang='lat' dir='ltr'><strong>Pompeis]</strong></span> <span class='ocrx_word' id='word_1_371' title='bbox 411 4123 452 4173; x_wconf 84' lang='lat' dir='ltr'><strong>De</strong></span> <span class='ocrx_word' id='word_1_372' title='bbox 466 4134 519 4185; x_wconf 81' lang='lat' dir='ltr'><strong>qua</strong></span> <span class='ocrx_word' id='word_1_373' title='bbox 531 4120 647 4173; x_wconf 79' lang='lat' dir='ltr'><strong>diximus</strong></span> <span class='ocrx_word' id='word_1_374' title='bbox 689 4119 752 4176; x_wconf 85' lang='grc'><strong>704.</strong></span> 
     </span>
     <span class='ocr_line' id='line_1_46' title="bbox 122 4175 1216 4316; baseline -0.013 -70"><span class='ocrx_word' id='word_1_375' title='bbox 122 4187 154 4239; x_wconf 81' lang='lat' dir='ltr'><strong>in</strong></span> <span class='ocrx_word' id='word_1_376' title='bbox 166 4190 255 4312; x_wconf 45' lang='grc' dir='ltr'><strong>ἵκω.</strong></span> <span class='ocrx_word' id='word_1_377' title='bbox 272 4189 333 4251; x_wconf 72' lang='grc'><strong>245.</strong></span> <span class='ocrx_word' id='word_1_378' title='bbox 349 4191 495 4246; x_wconf 67' lang='lat' dir='ltr'><strong>tuosius</strong></span> <span class='ocrx_word' id='word_1_379' title='bbox 506 4191 594 4245; x_wconf 77' lang='lat' dir='ltr'><strong>unni.-</strong></span> <span class='ocrx_word' id='word_1_380' title='bbox 610 4192 647 4244; x_wconf 85' lang='lat' dir='ltr'><strong>ut.</strong></span> <span class='ocrx_word' id='word_1_381' title='bbox 689 4189 873 4316; x_wconf 52' lang='grc' dir='ltr'><strong>πΑὲἒῚίιιω]</strong></span> <span class='ocrx_word' id='word_1_382' title='bbox 896 4183 1004 4240; x_wconf 80' lang='lat' dir='ltr'><strong>Dictum</strong></span> <span class='ocrx_word' id='word_1_383' title='bbox 1014 4180 1045 4235; x_wconf 89' lang='lat' dir='ltr'><strong>iu</strong></span> <span class='ocrx_word' id='word_1_384' title='bbox 1056 4193 1082 4234; x_wconf 82' lang='lat' dir='ltr'><strong>u.</strong></span> <span class='ocrx_word' id='word_1_385' title='bbox 1094 4175 1141 4250; x_wconf 78' lang='lat' dir='ltr'><strong>ti,</strong></span> <span class='ocrx_word' id='word_1_386' title='bbox 1152 4176 1216 4233; x_wconf 77' lang='grc'><strong>250.</strong></span> 
     </span>
     <span class='ocr_line' id='line_1_47' title="bbox 88 4267 821 4325; baseline -0.007 -10"><span class='ocrx_word' id='word_1_387' title='bbox 88 4301 95 4315; x_wconf 72' lang='lat' dir='ltr'><strong>s</strong></span> <span class='ocrx_word' id='word_1_388' title='bbox 121 4267 152 4322; x_wconf 62' lang='grc' dir='ltr'><strong>ν·</strong></span> <span class='ocrx_word' id='word_1_389' title='bbox 220 4290 230 4308; x_wconf 77' lang='lat'><em>⁰</em></span> <span class='ocrx_word' id='word_1_390' title='bbox 732 4292 743 4325; x_wconf 62' lang='lat'><em>2</em></span> <span class='ocrx_word' id='word_1_391' title='bbox 813 4292 821 4310; x_wconf 80' lang='lat' dir='ltr'><strong>s</strong></span> 
     </span>
    </p>
   </div>
   <div class='ocr_carea' id='block_1_5' title="bbox 0 0 1344 4748">
    <p class='ocr_par' dir='ltr' id='par_1_6' title="bbox 0 0 1344 4748">
     <span class='ocr_line' id='line_1_48' title="bbox 0 0 1344 4748; baseline 0 0"><span class='ocrx_word' id='word_1_392' title='bbox 0 0 1344 4748; x_wconf 95' lang='lat' dir='ltr'><strong> </strong></span> 
     </span>
    </p>
   </div>
  </div>
 </body>
</html>
