2676 4748
153 338 200 410 62
430 352 438 417 g
570 328 813 405 ulturus

153 514 232 594 buin
253 519 419 602 sermoni,
443 516 570 602 Brute,
591 519 712 589 Attico
729 522 882 607 assigna,
911 518 973 608 qni
986 538 1039 587 me
1055 516 1241 590 inflamma-

154 616 207 684 vit
228 608 344 679 studio
363 608 549 676 illustrium
571 608 740 675 bominum
762 614 892 676 aetates
907 614 1108 698 ettempora
1122 626 1241 701 perse·⁵
1270 642 1276 661 ι

155 697 292 791 quendi.
333 697 406 783 Ego
424 717 525 777 uero,
545 696 657 786 inquit
669 695 816 778 Brutus,
838 704 875 762 et
888 694 1040 763 delector
1053 696 1120 763 ista
1140 698 1241 787 qnasi

154 786 327 857 munem
339 794 547 874 temporum,
568 793 604 850 et
616 782 660 850 ed
672 783 726 866 id,
747 780 836 873 quod
849 783 1044 866 instituisti,
1066 791 1240 853 oratorum

155 888 278 966 mera
300 871 508 958 distinguere
527 870 717 952 aetatibus,
744 872 846 939 istam
868 869 1078 960 diligentiam
1093 894 1169 939 esse
1184 894 1241 939 ac·

156 959 399 1032 commodatam
416 968 514 1065 puto.
557 963 613 1028 75.
634 959 759 1041 Recte,
779 960 933 1045 inquam,
954 957 1081 1041 Brute,
1110 959 1242 1027 intelli·

155 1053 228 1139 gis:
256 1056 360 1135 atque
378 1056 506 1114 utinam
520 1054 676 1113 extarent
689 1047 748 1111 illa
763 1047 929 1128 earmina,
950 1068 1036 1134 quae
1052 1047 1170 1114 multis
1185 1068 1241 1114 se-

155 1139 243 1206 culis
266 1144 344 1202 ante
364 1152 459 1201 snam
481 1141 625 1201 aetatem
638 1133 673 1200 in
690 1132 801 1222 epulis
820 1156 896 1201 esse
909 1134 1072 1201 cantitata
1088 1156 1107 1199 a
1122 1134 1175 1201 sin
1200 1156 1242 1201 u·

154 1229 202 1294 iis
214 1224 362 1292 convivis
374 1222 416 1289 de
428 1223 597 1288 clarorum
612 1221 762 1288 virorum
777 1220 955 1303 laudibus,
980 1221 1017 1288 in
1037 1156 1241 1307 Originibus

156 1314 323 1400 scriptum
345 1308 486 1396 reliquit
509 1304 612 1376 Gatol
648 1308 778 1375 Tamen
798 1309 913 1390 illius,
940 1328 1039 1395 quem
1055 1309 1242 1378 invatibus

156 1411 192 1468 et
203 1398 331 1466 Faunis
351 1403 547 1462 annumerat
561 1394 708 1475 Ennius,
730 1395 855 1461 bellum
870 1393 1034 1464 Punicum
1050 1398 1149 1484 quasi
1164 1396 1242 1485 My-

110 1534 120 1553 .
157 1488 255 1555 renis
277 1504 363 1573 opus
388 1482 545 1549 delectat.
588 1486 645 1552 76.
674 1481 729 1550 Sit
742 1482 874 1550 Ennius
888 1503 987 1565 saue,
1013 1492 1054 1552 ut
1069 1489 1243 1567 estcerte,

156 1572 353 1666 perfectior:
382 1570 442 1659 qui
461 1569 493 1636 si
511 1567 627 1653 iilum,
652 1578 693 1636 ut
711 1569 868 1654 simulat,
897 1578 1144 1655 contemneret,
1172 1585 1240 1642 non

226 1749 258 1801 c.
274 1749 318 1800 19.
330 1744 376 1802 75.
415 1748 589 1807 annumerat]
614 1744 661 1797 Sic
681 1748 724 1799 ed.
746 1761 787 1810 nr.
822 1747 876 1798 Pro
896 1747 998 1799 iioscio
1013 1761 1039 1800 c.
1050 1751 1101 1815 32,
1116 1748 1161 1800 82.
1176 1748 1242 1816 lico

190 1817 325 1890 forsitam
335 1818 460 1883 propter
475 1816 688 1868 multitudinem
703 1819 898 1882 patronorum
910 1817 942 1867 in
953 1830 1041 1886 queue
1053 1830 1241 1880 annumerent.

191 1890 271 1943 ovid.
283 1887 366 1937 'irist-
380 1887 418 1955 V,
435 1883 468 1951 4,
486 1886 530 1935 20.
554 1885 637 1936 num
656 1899 689 1937 se
705 1899 816 1953 quoque
836 1886 868 1937 in
887 1889 1025 1952 exemplis
1044 1892 1242 1939 annumerare

190 1959 273 2009 solet.
307 1956 397 2016 [Adde
416 1954 525 2005 Heroid.
540 1954 627 2020 xvl,
645 1953 706 2004 328.
729 1955 872 2018 Significat
890 1967 926 2007 ea
940 1958 1177 2009 structureloeum
1196 1957 1240 2006 in-

190 2029 320 2080 teriorem
337 2023 588 2089 conscendentium,
612 2036 691 2087 quent
712 2024 810 2073 homini
826 2023 939 2074 levioris
954 2025 1161 2077 existimationis
1175 2036 1240 2077 con·
1279 2068 1281 2073 .

192 2097 324 2148 cedimus.
356 2094 451 2157 ltaque
472 2091 548 2144 incili
568 2103 653 2154 opera
669 2093 805 2145 refellitur
819 2097 972 2147 ertumerut
988 2096 1055 2146 Edi.
1068 2096 1163 2159 vnlgg.
1177 2106 1241 2156 pro-

192 2173 337 2230 pagatum,
360 2163 430 2227 quod
443 2163 478 2212 aul
491 2160 612 2212 ordinent
625 2168 654 2210 et
666 2161 828 2214 varietatem
841 2175 931 2213 rerum
945 2164 1073 2216 similium
1083 2176 1134 2214 nac
1147 2164 1242 2215 diver-

191 2237 232 2285 sis
247 2233 375 2297 gradibus
389 2239 556 2282 secretarum
569 2236 689 2292 spectet:
706 2244 734 2279 v.
742 2232 860 2283 onlenu.
868 2232 896 2281 in
906 2234 981 2284 Suet.
992 2236 1062 2298 Aug.
1069 2235 1128 2293 70.]
1153 2232 1242 2284 Etiam

191 2312 218 2356 c.
232 2306 276 2370 32,
295 2304 355 2354 123.
371 2311 493 2351 nuumro
505 2311 549 2350 me
564 2298 598 2349 in
605 2299 755 2368 plerisque
770 2301 918 2354 Subitaius
930 2304 1059 2356 reddebat
1071 2314 1243 2356 annumero.

190 2373 243 2427 liic
259 2379 349 2422 tamen
363 2368 482 2422 Orellius
493 2368 638 2421 numerat.
1148 2383 1153 2388 ·

226 2442 327 2493 bellurn
339 2440 482 2501 Punicam]
505 2439 577 2492 bello
589 2434 699 2493 Punico
716 2437 758 2491 ad.
774 2450 816 2504 pr.

208 2594 354 2651 81874.
389 2593 549 2659 [istaquasi
562 2592 680 2646 notatio-
771 2592 817 2649 ib
850 2594 901 2647 iila
920 2594 1054 2657 carmina]
1080 2594 1131 2647 llis
1144 2594 1242 2648 earmi-

157 2667 362 2729 nctcmporum]
374 2665 535 2715 modestiam
548 2664 680 2714 simulans
722 2662 800 2716 nibus
814 2676 906 2714 rerum
919 2666 1100 2717 Romanarum
1114 2665 1244 2719 memoria

157 2736 319 2799 interposuit
331 2733 429 2801 quasi,
452 2741 505 2798 quo
517 2732 680 2802 notationem
722 2734 767 2782 diu
780 2740 931 2797 propagata
943 2743 996 2800 est,
1010 2730 1148 2797 exquibus
1156 2735 1242 2797 ipson

158 2807 283 2856 innueret
311 2815 367 2854 non
394 2803 430 2853 ed
451 2801 628 2851 severitatem
651 2808 681 2850 ct
721 2802 862 2852 historiam
874 2802 1121 2865 antiquissimorum
1138 2814 1242 2869 tempo-

158 2875 321 2938 compesitos
353 2872 490 2921 doctorum
515 2872 680 2932 chronogra-
721 2884 780 2923 runt
793 2856 936 2922 maximin
950 2880 1053 2933 partein
1066 2875 1242 2924 esseconiln·

157 2949 270 3009 phorum
290 2940 413 2993 calculos
432 2939 590 3003 exigendam
606 2950 680 3005 esse,
722 2949 777 2993 tatu
790 2940 917 2990 Niebuhr.
934 2942 964 2990 Τ.
977 2941 1000 2991 Ι.
1016 2954 1042 3004 p.
1054 2944 1114 2994 268.
1133 2951 1243 2992 couten-

157 3016 207 3065 sed
219 3026 290 3064 nunc
297 3011 387 3075 ipsum
396 3007 504 3073 ingenio
516 3005 618 3057 ludenti
629 3019 680 3057 ne·
721 3010 810 3061 debat.
844 3008 935 3070 [lusto
946 3017 1038 3061 tannen
1051 3013 1165 3063 calidior
1177 3024 1243 3061 cun-

158 3097 211 3146 que
229 3083 329 3132 iustam
348 3088 457 3140 operam
473 3073 680 3140 praemeditenti
722 3079 844 3130 lecture:
862 3078 1242 3146 v.llist.litt.liom.1tu.lb.

157 3152 302 3202 excidisse.
338 3148 432 3211 itaque
447 3146 514 3196 dixit
532 3145 611 3209 qussi
628 3156 679 3196 no-
720 3149 780 3208 71.]
909 3205 913 3211 ,
1191 3209 1193 3213 4

159 3221 297 3277 tationem,
314 3219 384 3283 qttod
398 3212 491 3268 baberi
505 3215 592 3265 voluit
604 3212 680 3276 peri·
772 3214 863 3276 iliius]
902 3206 1019 3284 liaevii',
1041 3220 1120 3283 quein
1139 3216 1243 3269 Ennius

159 3290 305 3339 culumvel
316 3286 452 3350 specimen
464 3283 679 3346 computationis.
722 3284 833 3337 vatibus
858 3290 886 3333 et
912 3285 1016 3337 Faunis
1045 3286 1243 3354 annumeravit,-

157 3359 235 3408 licec
254 3357 326 3406 enim
345 3356 480 3418 particula
500 3353 680 3405 substantivis
722 3355 786 3419 quia
800 3352 901 3416 pariter
914 3354 1041 3408 Saturnio
1054 3365 1163 3404 numero
1179 3366 1244 3405 car-

157 3427 324 3488 aliquantum
343 3424 460 3475 detrahit
471 3423 626 3489 dignitatis,
648 3430 680 3481 ut
721 3424 796 3474 mina
813 3422 981 3475 conficiebat.
1021 3422 1145 3474 ceterum
1163 3430 1244 3476 exta-

144 3488 254 3546 'minuti
265 3494 310 3543 vel
323 3492 680 3555 arbitrariiquidiutelligm
722 3493 786 3542 berit
805 3491 968 3544 Marciorum
985 3492 1085 3545 onium
1095 3493 1147 3542 duo
1161 3493 1243 3542 voln-

158 3571 203 3616 tur
223 3570 250 3612 ct
270 3562 341 3626 qnod
360 3573 460 3612 vanam
480 3561 597 3623 speciem
610 3573 678 3624 prae
721 3561 796 3613 mine
814 3561 964 3613 canninunt
989 3560 1120 3622 (Moerob.
1140 3561 1198 3612 Sat.
1219 3563 1244 3630 l,

159 3646 191 3682 se
202 3633 283 3682 ieret.
318 3631 354 3679 Ul
361 3628 408 3679 Or.
416 3630 439 3693 1,
455 3628 499 3681 54.
516 3631 681 3681 ilratenim
723 3622 798 3693 1703
815 3630 935 3683 Oracula
946 3642 1025 3699 porro
1032 3628 1244 3681 Faunormnno-

158 3701 281 3753 Attente
303 3709 356 3748 reo
388 3698 525 3748 damnato
543 3720 578 3734 -
596 3697 681 3765 quasi
721 3699 794 3750 mine
817 3699 950 3762 inscripta
978 3700 1032 3760 (ci.
1052 3700 1177 3765 Hartung
1196 3701 1244 3752 die

156 3766 452 3838 pmnaeacstimotiot
464 3765 682 3834 eineunyefclb-
722 3767 1019 3834 bellumreditum
1035 3768 1067 3819 Τ.
1074 3770 1111 3819 11.
1125 3783 1151 3831 p.
1160 3768 1244 3834 188).

157 3839 384 3903 resoluturum.
418 3834 574 3886 DeNat.D.
588 3837 680 3901 ll,12.
722 3837 1175 3901 [nuueutst.1ttt1ten.p.oo.]

156 3911 323 3974 Platonem,
342 3904 427 3972 quusi
442 3906 583 3971 quendam
596 3906 681 3956 duem
774 3906 853 3969 quasi
872 3906 998 3971 Myronis
1015 3909 1097 3969 opus]
1121 3905 1245 3969 Respicit

156 3977 409 4046 pbilosophorum:
447 3974 531 4026 moen
566 3975 681 4025 ticinen
723 3975 759 4025 nd
777 3987 802 4024 c.
824 3976 874 4040 18,
897 3976 941 4029 70.
965 3976 1092 4026 nondum
1109 3975 1244 4038 Myronis

156 4045 403 4115 praesentientes
423 4041 505 4095 uoto.
549 4042 681 4094 Similiter
721 4038 1244 4108 segmentisnicerttmemauuuctas

157 4119 233 4169 inira
242 4118 268 4177 s.
274 4116 319 4170 87.
334 4116 389 4166 sed
396 4125 462 4166 usus
469 4109 550 4163 istius
557 4112 681 4164 varieta-
722 4111 780 4162 iam
793 4114 900 4180 tumen,
914 4126 987 4183 quae
993 4128 1052 4170 non
1060 4115 1243 4181 dubiterpul·

158 4184 453 4242 tesalibiconmodim
463 4182 679 4249 uenenorum]
722 4182 919 4239 cornescere.
