2676 4748
165 320 233 393 tlt
584 314 827 389 BRUTUS.

167 506 285 603 potios
330 526 414 576 aeno
433 504 600 582 Graccus.
648 511 791 598 loquor,
818 508 860 591 oi
877 505 1017 595 opinor:
1041 501 1103 573 scri
1119 504 1257 574 liceicx

168 597 317 669 crationi
339 617 382 662 us
410 594 574 665 iudicare.
610 595 700 662 -iuic
725 605 837 663 autern
862 594 1012 661 Athonis
1039 593 1257 674 adoleseonsr

125 747 128 751 ,
167 685 341 841 periectos
359 682 549 773 Epicureus
569 690 741 768 ιιιιιιιις
775 682 912 751 minime
933 691 1048 773 aptum
1071 681 1116 749 ati
1140 680 1256 749 dicen-

171 898 177 909 ι
193 794 251 840 um
270 792 449 928 llllslam
465 857 511 1011 ig.
525 855 669 926 Catulus
683 862 749 925 nori
763 855 900 945 auiiquo
914 855 975 923 illo
989 877 1094 937 moro,
1114 853 1176 923 soti
1191 855 1255 923 hoc

169 945 397 1030 instimulat
416 947 476 1033 qui
513 946 590 1013 fieri
601 952 717 1036 potest
728 946 931 1035 perfectius,
951 943 1120 1012 cruditus.
1163 943 1256 1011 Mul-

169 1044 228 1104 tas
240 1036 405 1113 litterae,
435 1054 566 1101 summa
577 1055 643 1100 non
655 1034 746 1100 vitae
760 1035 869 1099 solum
884 1040 985 1120 atque
1002 1040 1177 1112 naturaa‚.
1191 1029 1255 1097 sati

168 1122 339 1193 orationis
351 1120 453 1188 etiarn
467 1121 629 1204 comitas,
648 1120 845 1209 incorrupta
860 1119 1025 1209 quaedam
1043 1118 1160 1187 Latini
1181 1140 1255 1185 ser·

171 1210 282 1280 monis
301 1209 499 1294 integritas:
529 1230 615 1296 quae
636 1210 787 1298 perspici
806 1230 880 1275 cum
900 1206 1163 1275 exorationibus
1178 1206 1255 1273 eius

196 1304 306 1380 otest,
331 1302 404 1363 tum
422 1297 583 1363 facillime
604 1317 644 1364 ox
665 1318 706 1362 so
724 1296 832 1377 libro,
852 1318 951 1384 quem
967 1295 1010 1363 tle
1025 1295 1203 1362 consulatu
1218 1299 1255 1361 ct

170 1322 329 1454 {erebus
344 1384 450 1470 gestis
464 1385 537 1451 suis
549 1384 776 1475 conscriptum
790 1385 885 1450 molli
897 1391 933 1449 ct
939 1383 1183 1474 Xenophonteo
1196 1402 1255 1468 ge-

170 1494 253 1545 ncrc
267 1470 439 1543 sermonis
462 1472 557 1540 misit
573 1469 618 1539 ati
635 1471 686 1543 A.
702 1471 842 1540 Furium
862 1479 1016 1564 poetam,
1049 1470 1254 1537 familiarem

171 1626 314 1685 Luciliano
329 1628 488 1683 chamcterc
505 1630 642 1691 (avara.
656 1628 692 1683 R.
733 1630 810 1683 luico
831 1629 962 1683 interfuit.
997 1630 1073 1683 Idem
1091 1627 1120 1679 in
1136 1628 1254 1679 tumultu

170 1701 209 1757 a.
219 1700 263 1767 ll,
276 1696 302 1752 8.
317 1702 403 1761 extr.)
420 1700 599 1763 compositos:
616 1700 692 1751 eius·
733 1700 766 1753 L.
779 1702 905 1765 Appuleii
917 1700 1054 1753 Saturnini
1068 1698 1168 1749 tribuni
1181 1698 1255 1765 pia.

170 1764 693 1838 illiccarminai'rclttoilileciiiatai‘uis-
734 1764 796 1835 cat.
819 1771 925 1821 adiuvit
942 1771 1069 1820 consules
1088 1768 1205 1818 Marium
1225 1772 1254 1815 ec

171 1852 205 1891 se
221 1844 338 1888 testatur
354 1833 434 1887 irulus
448 1829 573 1902 Epistola
589 1853 616 1901 p.
630 1839 693 1891 171.
733 1832 873 1891 Flaccum.
914 1838 1014 1891 Postea
1034 1848 1101 1887 vero
1119 1849 1168 1899 per
1187 1834 1254 1885 cin·

170 1906 208 1959 ia
218 1903 314 1972 poetis
328 1902 392 1970 ocis
402 1904 532 1974 ipnorot,
548 1909 583 1958 ot
594 1907 693 1973 proci-
733 1920 832 1960 nonam
845 1907 1048 1959 dominationem
1060 1918 1086 1956 ι.
1094 1904 1156 1955 667.
1167 1904 1255 1955 ιΜι-

171 1975 212 2027 ιιι
222 1972 414 2039 ιιιῖιιιιιιιι,
431 1976 564 2027 Albucius
578 1976 692 2043 aridos,
733 1977 776 2028 rio
789 1979 970 2043 proscriptus,
995 1989 1079 2025 senex
1093 1987 1124 2023 se
1136 1973 1196 2037 ipse
1208 1970 1254 2023 in-

171 2042 300 2097 cultioris
309 2039 488 2098 meratius?
523 2044 565 2098 01.
573 2045 693 2105 (inoma-
735 2047 852 2098 terieoit.
885 2045 1000 2109 scripsit
1019 2044 1155 2095 orationes
1173 2049 1201 2092 et
1215 2041 1254 2092 li-

170 2112 262 2167 nicos
275 2112 382 2165 orellii.
519 2140 522 2145 ·
734 2115 812 2167 brom
828 2128 919 2167 rerum
941 2126 1051 2166 suarum
1072 2126 1134 2162 cum
1145 2111 1174 2161 in
1186 2122 1256 2161 con*

223 2181 345 2244 [minime
409 2184 510 2248 genus]
533 2181 694 2239 wetzelius
733 2187 825 2236 solutu
839 2194 867 2235 et
876 2182 951 2236 bollo
963 2182 1096 2235 cimbrico
1109 2188 1166 2232 tum
1182 2180 1255 2232 cello

170 2251 438 2321 cumiuterpretihus
451 2253 546 2316 opinor
557 2254 693 2318 plerisque
734 2253 811 2306 civili
833 2262 986 2318 gestarum:
1020 2254 1096 2321 Plut.
1116 2253 1193 2302 Mar.¹
1208 2246 1254 2300 ²5.

172 2327 337 2373 stmctnram
348 2323 460 2384 putabat
473 2324 645 2391 ati-sensnm,
661 2330 693 2373 ιι
733 2324 818 2376 Ριιιι
831 2319 955 2386 poemata
965 2323 1083 2387 erotica,
1100 2318 1254 2385 quorum-iu

169 2389 290 2456 mutor,
313 2403 378 2441 csse
392 2393 602 2443 conformatam:
625 2406 693 2458 per·
732 2395 875 2458 Antnmog.
889 2395 950 2444 Lat.
966 2394 996 2443 Τ.
1011 2393 1033 2442 1.
1048 2406 1073 2454 p.
1088 2392 1129 2439 12.
1143 2393 1186 2441 ia.
1203 2400 1255 2439 su-

170 2460 263 2513 matus
279 2459 309 2510 in
328 2458 472 2523 disciplina
488 2462 692 2530 Epicureorum,
733 2470 847 2527 pessunt
859 2464 921 2513 duc.
954 2465 997 2512 Ac
1011 2460 1104 2511 nescio
1118 2473 1154 2510 au
1165 2458 1254 2511 libros

169 2541 243 2595 quas
255 2528 361 2592 quidem
373 2529 516 2595 disciplina
532 2540 585 2582 ιιι
604 2532 692 2595 possit
733 2533 816 2584 etiam
825 2531 1008 2583 communium
1020 2529 1191 2580 historiarum
1202 2538 1255 2578 ιιι-

169 2606 296 2653 maiores
311 2598 422 2664 tingere.
455 2598 691 2664 Vellemcxipso
733 2602 804 2654 mine
824 2602 973 2665 inscriptos
992 2599 1121 2665 ediderit,
1155 2596 1254 2662 quibus

171 2666 304 2723 cicerone
316 2669 386 2719 satis
399 2667 529 2719 disertum
542 2678 570 2720 et
582 2682 692 2722 accom-
733 2673 923 2723 resliomanae
936 2671 998 2720 inde
1010 2670 1044 2720 ab
1057 2665 1253 2731 antiquissimis

171 2738 307 2789 mororum
320 2745 367 2789 cut
378 2737 457 2786 nutus
468 2738 571 2801 sigorae
584 2747 631 2791 aut
640 2752 692 2791 no-
732 2741 899 2803 tcmporioos
908 2740 1023 2791 tratiaco
1035 2739 1152 2788 fucrant.
1168 2738 1254 2798 turo·

172 2805 332 2874 siccis,·cui
349 2814 439 2872 pesas
450 2804 517 2857 illud
534 2820 584 2870 per
596 2822 627 2859 se
641 2821 691 2871 po·
733 2813 828 2861 camus
850 2810 997 2861 Krousium
1019 2807 1129 2870 uragu.
1149 2807 1253 2857 illator.

171 2874 255 2928 situm
268 2876 429 2940 sublicium,
448 2878 602 2938 exemplum
616 2884 692 2928 esset
733 2895 780 2943 pp.
794 2876 854 2929 act.
868 2879 928 2932 318.
947 2879 980 2928 tic
995 2876 1104 2927 diverso
1121 2876 1254 2939 scriptore

172 2946 317 3009 prolctum.
345 2945 431 2996 Nobis
445 2944 516 2995 citra
527 2947 636 2997 veniam
649 2947 693 2998 rii-
734 2947 912 3012 cogitantem:
941 2960 1005 2999 nam
1023 2946 1127 3011 quitus.
1141 2951 1254 2996 utuntur

172 3013 249 3065 xisrc
269 3011 388 3077 scriptor
401 3021 445 3065 ιιι
457 3013 552 3082 visus,
579 3016 625 3080 qni
640 3028 693 3079 per
734 3019 825 3070 Varro
832 3027 860 3069 et
870 3020 1032 3079 interpretes
1039 3015 1150 3080 vlrgilii
1161 3015 1254 3074 (usm-

171 3084 275 3147 medos
287 3085 415 3147 quosdam
427 3084 605 3152 demonstret,
622 3088 692 3136 undo
734 3088 788 3150 ptis
802 3089 906 3151 quidem
917 3086 1065 3137 mendaciis
1078 3084 1207 3135 Auctoris
1219 3084 1254 3132 tic

171 3151 305 3203 Albucius
318 3153 693 3217 adorationemquasitrans-
735 3157 845 3220 Origine
859 3157 953 3209 Gentis
966 3157 1128 3220 Romanae),
1144 3166 1179 3204 ea
1193 3151 1254 3215 spi·

171 3221 300 3272 mannam
313 3235 476 3288 progressae
488 3223 533 3272 sic.
562 3224 692 3277 Nimirum
734 3235 797 3277 rant
810 3228 940 3277 hominem
955 3226 983 3275 in
996 3227 1078 3274 rebus
1095 3221 1255 3288 grammati-

172 3287 198 3338 is
212 3291 371 3342 adolescens
383 3306 444 3344 cum
451 3291 694 3344 Graecisconsuc-
735 3296 778 3344 cis
802 3304 830 3345 cc
849 3296 1051 3360 antiquitatibus
1071 3293 1254 3352 occupatum]

171 3363 233 3421 rat,
255 3366 377 3411 maturus
390 3361 469 3413 annis
484 3370 600 3414 mentem
612 3362 692 3413 insti·
734 3366 881 3416 Praeterea
895 3367 991 3415 litorum
1006 3365 1039 3413 de
1053 3365 1143 3425 lingue
1153 3359 1255 3410 Latina

172 3426 240 3477 iulis
252 3426 316 3477 item
328 3430 452 3495 Graecis,
470 3439 498 3480 et
510 3433 616 3496 quidem
625 3433 692 3496 lipi-
734 3434 880 3497 scripsisse
888 3436 1006 3500 videtur,
1024 3432 1048 3481 si
1062 3432 1124 3496 quia
1136 3430 1254 3480 cxvcra

172 3506 344 3576 comosum„
356 3499 503 3551 infecerat:
532 3501 626 3566 itaque
645 3505 692 3553 fa·
733 3504 808 3554 ronls
825 3504 919 3554 verinis
936 3505 970 3552 de
982 3505 1014 3554 1..
1026 3504 1057 3552 lt·
1076 3515 1101 3563 p.
1115 3499 1175 3550 188.
1193 3497 1254 3548 col-

172 3571 247 3615 ctum
265 3574 295 3615 ut
312 3578 370 3616 cros
390 3569 477 3621 torma
494 3568 600 3621 dicendi
616 3575 691 3623 colo·
733 3574 858 3637 ligimus:
875 3573 964 3639 Noa,
981 3571 1069 3637 qood,
1086 3571 1120 3619 at
1132 3568 1254 3619 Catulus

172 3645 232 3684 rem
248 3634 364 3684 referret
378 3638 563 3705 peregrinum,
589 3654 623 3691 ac
642 3656 692 3704 pa-
734 3643 795 3709 ιιι,
812 3644 923 3709 omnic,
939 3641 998 3691 nisi
1009 3638 1187 3692 interveniat
1199 3639 1253 3702 sol,

172 3714 235 3755 rum
246 3703 353 3755 ualeret
365 3706 586 3771 caeloqucntiam
598 3711 692 3762 loren-
732 3712 843 3779 pruina
855 3713 1052 3780 oiriposriot,
1071 3709 1146 3776 quoa
1159 3707 1253 3758 occet.

173 3773 258 3833 Mb]
538 3804 541 3809 ·
734 3784 852 3833 Extclat
869 3783 983 3843 denique
1001 3782 1119 3830 eiusdem
1134 3776 1252 3828 laudatio

179 3880 183 3885 -
224 3844 285 3894 132·
320 3845 351 3903 Q.
366 3842 493 3905 Catulos]
518 3846 549 3905 Ω.
564 3846 692 3898 Lutatius
733 3852 867 3917 Popillius
880 3851 992 3914 matri,
1010 3853 1044 3900 tle
1056 3850 1143 3900 Orati.
1157 3847 1194 3912 ll,
1209 3846 1252 3896 11.

171 3908 287 3965 omnim
299 3924 359 3963 cnm
373 3913 505 3975 triplicem
520 3914 548 3964 in
562 3915 691 3977 petitione
788 3924 822 3970 A.
837 3922 948 3970 Furium
960 3921 1080 3982 poetam]
1104 3920 1139 3968 Α.
1153 3914 1253 3966 nortus

171 3982 329 4032 consolatus
339 3985 479 4046 repulsam
492 3984 609 4049 tulisset,
623 3998 690 4036 con·
732 3991 830 4041 Antias
849 3991 990 4048 (diversus
1003 3989 1050 4038 ille
1062 3988 1097 4038 ab
1109 3984 1192 4036 Furio
1206 3985 1253 4033 lti-

170 4051 216 4101 rul
229 4050 320 4100 iactus
335 4060 379 4101 est
396 4066 421 4103 ι.
435 4055 495 4104 652.
515 4054 607 4114 (102.)
627 4067 688 4106 cum
731 4060 843 4120 bactrio]
867 4058 1013 4109 Annalium
1030 4059 1114 4106 libros
1128 4057 1187 4105 iere
1200 4066 1253 4103 un-

169 4116 256 4169 uario
277 4128 417 4188 quartum,
439 4130 468 4172 et
481 4124 607 4174 continuo
621 4137 687 4187 pro·
729 4130 816 4179 decim
833 4134 887 4189 (ιιι
901 4129 973 4177 enim
983 4128 1172 4191 proteruntur)
1187 4135 1253 4172 rer-

165 4188 263 4239 consul
281 4202 336 4242 una
353 4205 413 4242 com
427 4193 514 4246 Mario
528 4194 601 4246 bello
611 4192 687 4251 Gim-
729 4197 805 4250 sibus
818 4197 982 4250 hexametris
996 4195 1124 4263 condidit,
1138 4204 1251 4260 quorum
