2676 4748
538 366 544 383 ·
586 335 673 429 cap.
688 336 751 409 er.
1136 334 1212 411 llil

129 530 278 605 eiusdem
302 536 340 599 et
359 525 484 597 sm'crie
503 529 541 593 et
558 523 690 595 indicii.
731 516 996 605 Tibiieremus,
1016 528 1054 615 te
1066 531 1126 594 tuo
1142 528 1214 599 imi

117 626 257 691 uirtute
269 619 441 709 cupimus,
456 612 528 682 tibi
540 620 697 701 optamus
711 632 784 678 cam
799 630 870 677 rem
885 610 1072 701 publicam,
1093 615 1129 683 in
1144 639 1214 707 qus

120 710 274 779 ¹(luorum
292 725 454 809 generum
473 723 524 769 am
549 702 756 805 lissimorum
773 719 935 766 renovare
948 703 1142 811 memoriam
1160 712 1214 773 at-

127 812 518 953 tittttiitttitt.
534 786 1214 969 ..¹',:¹.¹;'..⁰i.ti?¹tittiittititt

128 972 174 1039 slo
196 971 346 1038 acuisses
366 964 603 1034 exercitatione
625 962 775 1044 dicendi,
804 959 866 1027 scd
880 968 914 1027 et
930 962 1039 1052 ipsam
1054 966 1214 1057 eloquen-

129 1060 213 1126 tiam
241 1054 519 1144 locupletavisses
540 1053 729 1138 graviorum
755 1050 879 1117 artium
903 1050 1146 1137 instrumento,
1177 1062 1215 1123 et

128 1144 251 1214 iisdem
275 1143 407 1211 artibus
429 1140 532 1207 decus
554 1161 649 1206 omne
663 1136 802 1207 virtutis
822 1158 897 1202 oum
911 1160 1041 1205 summa
1055 1144 1214 1229 eloquen-

129 1236 199 1300 tiae
215 1230 317 1299 lende
333 1229 514 1296 iunxisset.
553 1228 633 1295 332.
654 1224 706 1291 Ex
720 1233 754 1291 tc
770 1223 893 1313 duplex
912 1246 974 1292 nos
993 1228 1099 1294 elficit
1117 1232 1214 1297 solli-

129 1316 265 1400 citudo,
285 1316 376 1405 quod
395 1324 432 1383 et
449 1316 524 1403 ipse
540 1336 577 1379 re
591 1314 725 1402 publiea
739 1332 854 1376 careas
868 1319 904 1377 et
916 1313 980 1379 illa
993 1319 1040 1382 te.
1084 1316 1142 1383 Tu
1161 1326 1214 1385 ta.

131 1429 226 1488 men,
247 1405 314 1471 etsi
326 1424 461 1469 cursum
477 1402 601 1488 ingenii
615 1401 685 1478 tui,
704 1398 830 1478 Brute,
851 1400 976 1485 premit
990 1401 1070 1466 haec
1087 1405 1216 1493 impor.

129 1502 212 1561 tuna
231 1490 344 1559 clades
365 1488 533 1569 civitatis,
561 1486 693 1553 contine
716 1496 750 1552 te
769 1485 805 1550 in
828 1486 897 1551 tuis
919 1488 1123 1574 perennibus
1140 1500 1215 1561 stu-

128 1581 215 1662 diis,
235 1587 272 1646 et
285 1578 379 1645 cilice
395 1576 450 1657 id,
471 1573 562 1662 quod
576 1576 641 1641 iam
656 1570 895 1663 propemodum
911 1576 965 1639 vel
983 1579 1083 1663 plane
1098 1580 1215 1667 potius

128 1668 308 1746 effeceras,
329 1672 369 1731 ut
385 1672 420 1730 te
440 1664 566 1751 eripies
578 1684 619 1727 ex
632 1682 689 1741 ea,
713 1681 812 1749 quarn
828 1680 890 1744 ego
908 1665 1063 1748 congessi
1077 1666 1113 1731 in
1125 1667 1213 1734 bunc

128 1775 334 1835 sermonem,
361 1750 463 1817 turba
511 1756 718 1816 atronorum.
759 1768 820 1812 nec
839 1748 925 1812 enim
943 1747 1040 1817 decet
1059 1757 1095 1817 te
1115 1776 1215 1822 orna-

127 1849 201 1909 tum
222 1838 404 1907 uberrimis
425 1772 577 1917 artibus,
602 1858 687 1925 quas
702 1856 776 1901 cum
793 1833 894 1900 domo
906 1835 1041 1903 haurire
1055 1862 1121 1907 non
1135 1865 1216 1930 pos·

125 1951 205 2011 ses,
233 1926 442 1995 arcessivisti
464 1946 504 1991 ex
525 1924 609 1991 urbe
631 1946 686 2003 ee,
708 1944 793 2010 quae
808 1920 928 1989 domus
939 1932 993 1990 est
1007 1949 1142 2018 semper
1155 1930 1216 1996 ba-

126 2016 200 2082 bitn
215 2015 398 2095 doetrinae,
419 2013 589 2087 numerari
600 2012 635 2077 in
649 2011 748 2096 vulgo
764 2016 995 2099 patronorum.
1025 2013 1115 2081 Nam
1132 2017 1216 2107 qnid

126 2110 166 2171 te
184 2105 335 2171 exercuit
357 2100 574 2181 Pammenes,
600 2101 653 2168 vir
672 2100 772 2183 longo
793 2099 1091 2186 eloquentissimus
1108 2103 1216 2173 Gnae-

129 2184 226 2276 oinel
253 2188 336 2279 quisl
351 2189 412 2255 illa
428 2198 526 2257 vetus
538 2186 725 2253 Academia
741 2192 840 2271 atquo
857 2186 930 2252 eius
943 2188 1040 2254 heres
1055 2190 1216 2278 Aristus,

125 2278 252 2362 hospes
268 2284 304 2343 ot
317 2275 495 2339 familiaris
508 2294 620 2352 meus,
643 2273 675 2336 si
685 2270 821 2357 quidem
836 2272 966 2338 similes
981 2276 1120 2345 maioris
1137 2304 1216 2369 par.

126 2366 175 2428 tis
196 2368 369 2426 oratorum
388 2359 497 2424 futuri
518 2350 658 2423 sumus?
701 2359 779 2425 333.
809 2355 930 2423 Nonne
949 2366 1137 2447 cernimus,
1158 2371 1216 2436 vix

127 2447 273 2537 singulis
300 2444 471 2515 aetatibus
491 2445 588 2513 binos
612 2449 765 2513 oratores
783 2442 974 2513 laudabiles
995 2452 1216 2531 constitisse?

196 2606 246 2656 sed
262 2613 291 2656 et
306 2604 407 2667 ipsam]
429 2604 476 2655 Sic
488 2604 530 2654 ed.
545 2616 588 2668 pr.
622 2604 673 2656 sed
684 2606 719 2655 ut
729 2602 822 2668 ipsam
839 2603 890 2656 (iu.
903 2606 930 2654 2.

196 2677 276 2727 leude
299 2676 458 2735 insuisses]¹
483 2686 549 2733 cum
566 2687 676 2726 summo
696 2674 861 2741 eloquentia
877 2674 1059 2732 devinxisset
1074 2679 1127 2734 tiu.
1142 2685 1169 2735 1.
1187 2686 1215 2739 2.

130 2768 137 2783 ·
159 2752 190 2800 et
201 2746 242 2795 ed.
257 2757 300 2808 pr.
313 2757 348 2794 cx
360 2743 574 2806 interpolatione.
1211 2760 1214 2765 ·

196 2817 257 2865 332.
292 2826 344 2864 nec
357 2813 428 2863 enim
442 2814 574 2873 decerto]
598 2824 652 2865 nec
663 2815 693 2866 te
705 2810 781 2865 enim
793 2812 875 2865 decet
888 2814 923 2867 D.

145 2922 158 2939 ,.
197 2883 504 2946 commonstrem.

131 3000 138 3033 Ι
196 2956 259 3007 333.
293 2951 463 3012 constitisse]
484 2949 652 3013 scripturam
671 2950 803 3001 librorum
816 2963 878 3003 oum
892 2951 1058 3019 simpliciore
1078 2956 1216 3013 antitiste

130 3084 134 3091 Ι
161 3024 362 3093 commutabant
375 3020 475 3073 Rivius
495 3028 523 3071 et
540 3019 697 3073 Lambinus.
730 3020 784 3071 sei
799 3023 922 3075 consulto
936 3025 1021 3089 elegit
1032 3024 1130 3081 moero
1144 3040 1216 3097 conf

178 3173 290 3223 duorum
306 3156 449 3237 generum]
472 3173 610 3225 Ioniomm
623 3180 651 3223 et
691 3184 745 3240 tte,
774 3186 839 3227 cum
860 3178 937 3229 esses
955 3174 1092 3264 Attente,
1119 3182 1215 3235 totum

126 3240 321 3301 Serviliorum:
345 3255 399 3307 quo
413 3246 521 3305 spectat
539 3244 567 3293 in
581 3242 650 3293 rou.
691 3244 910 3313 ditipentissime
924 3250 1096 3315 copnooists.
1127 3252 1215 3305 Sene-

127 3312 172 3378 x,
193 3313 219 3361 6.
249 3314 407 3375 pateream
428 3316 650 3379 mensuumque
692 3325 726 3363 oa
745 3312 873 3367 controv.
891 3317 966 3381 1‚t.
989 3319 1216 3379 Pammsaceeo
1273 3337 1278 3349 ’

126 3381 216 3434 Bruti
227 3393 316 3447 penos
329 3385 359 3433 et
371 3396 483 3435 nomen.
692 3382 771 3434 tonis
784 3382 1040 3441 declamatoribus:
1056 3390 1093 3441 ot.
1105 3390 1151 3458 11,
1168 3395 1215 3449 13.

177 3451 650 3515 graviornmertiumsstrutnsqncm
745 3454 869 3515 Aristus]
891 3458 1016 3509 Antiochi
1033 3458 1137 3526 freter,
1161 3474 1215 3525 quo

126 3519 230 3580 peritus
250 3521 418 3589 litterarum,
447 3520 571 3583 inprimis
588 3520 650 3582 pisi-
691 3522 791 3572 Brutus
825 3524 951 3577 utebatur
985 3526 1215 3583 familiarissime:

125 3586 266 3651 ioeophiae
291 3590 392 3657 tuerit,
422 3590 597 3653 exposuimus
620 3590 649 3641 in
692 3593 777 3642 seed.
798 3592 828 3660 1,
853 3597 880 3644 3.
916 3596 997 3647 Tuse.
1017 3596 1054 3663 V,
1078 3597 1105 3651 8.
1141 3598 1215 3654 Ptuc.

125 3655 274 3710 Prooemio.
691 3661 768 3711 Brut.
784 3664 810 3710 2.

178 3728 240 3778 3³2.
275 3726 447 3786 exnrbeec]
464 3725 587 3777 Athenis.
603 3725 649 3778 si·
742 3729 829 3781 futuri
855 3734 962 3793 somus]
995 3736 1126 3787 menter
1146 3736 1216 3793 (lixit

124 3793 225 3845 militer
237 3796 329 3844 orbem
344 3796 517 3847 inmanitatis
525 3795 650 3847 altricem
690 3797 719 3848 in
733 3800 916 3853 cohortatione
929 3802 1022 3871 Bmti,
1039 3815 1092 3867 qno
1107 3804 1215 3871 elgnm.

125 3863 270 3927 descripsit
281 3864 349 3927 Epp.
359 3865 410 3933 VI,
425 3866 450 3914 i.
463 3868 489 3915 a.
506 3877 556 3929 pro
565 3865 648 3918 ilino·
690 3870 770 3920 catur
779 3869 867 3931 ipsum
881 3870 1004 3938 futurus
1017 3885 1057 3923 cs.

126 3940 160 3981 co
177 3946 200 3981 o.
214 3936 258 3984 26.
741 3940 803 3989 333.
843 3941 893 3990 vix
921 3940 1037 4003 siugulis
1061 3944 1214 4012 uetnubue]

178 4000 351 4062 Pemmenes]
378 4001 474 4053 cicero
488 4003 524 4053 ari
536 4005 649 4054 condem
689 4005 731 4055 De
743 4006 820 4058 oret.
832 4009 857 4072 1,
874 4014 902 4074 2,
918 4008 946 4060 8.
963 4010 1026 4061 tam
1038 4022 1125 4079 oero,
1140 4029 1212 4069 con·

124 4068 238 4121 Brutum
258 4071 398 4138 comosus,
422 4071 469 4122 ubi
486 4073 648 4125 mentionem
688 4074 754 4126 sitio
773 4089 810 4128 cc
827 4077 972 4143 sapientia
990 4080 1041 4145 qui
1058 4094 1212 4150 reperere

123 4136 258 4189 inieceret
275 4140 480 4206 Demosthenis,
504 4141 580 4193 oret.
602 4142 645 4193 30.
687 4145 852 4211 procreare
880 4158 946 4197 rect
970 4148 1047 4213 putt.
1077 4161 1211 4227 possent,

124 4207 261 4271 quoniam
285 4210 317 4259 et
340 4209 416 4261 sone
441 4211 477 4261 tu
497 4212 647 4263 oratorem
687 4216 1209 4283 multimetreffltcrespatmu.

123 4276 268 4333 msice
286 4278 647 4339 manasserus-ss-
687 4284 1209 4355 armamentorum„-
