2676 4748
141 342 214 413 adt
563 328 809 407 taurus,

143 535 200 612 et,
218 518 480 601 sinihiihaitere
492 518 724 590 molestiarum
736 541 797 588 nec
808 518 1012 611 ineptiarum
1027 517 1237 593 animm

143 624 217 697 est,
236 613 420 680 dicoretur
434 610 471 677 in
484 609 740 677 illienumerari
752 614 845 676 recte
856 614 983 698 potest.
1025 611 1105 689 310.
1125 608 1238 693 Asai·

144 703 309 773 duiesimo
335 702 448 763 autern
477 718 606 765 mecum
635 696 705 764 init
731 694 921 784 dionysius
947 695 1102 781 names.
1154 704 1237 769 eene

142 792 246 861 etiam
267 785 465 872 Aeschylus
486 782 649 864 cnidius,
675 780 948 871 Adramyttenus
968 780 1151 852 Xenocles.
1195 784 1234 855 id

143 888 216 949 turn
236 875 272 942 in
292 872 382 941 Asia
400 870 573 937 rhetorum
593 870 762 961 principes
775 871 1050 941 numerabantur.
1092 870 1233 957 Quibus

141 987 211 1037 non
232 968 409 1031 cornutus
427 956 583 1027 Rhodum
609 958 703 1041 veui,
733 978 853 1047 meque
872 950 917 1027 ad
937 954 1097 1038 eundem,
1127 980 1231 1047 quem

141 1054 271 1158 Romae
292 1045 503 1150 audiverem,
528 1044 696 1113 Molonem
716 1046 902 1135 applicavi,
928 1065 1003 1110 eum
1021 1051 1174 1149 actorem
1193 1046 1232 1117 ire

141 1130 1232 1309 iiiiisstiiiiiiiiitiiiiiiitrddidit:

140 1309 392 1393 dentieeimum.
433 1304 472 1373 le
493 1304 589 1373 dedit
611 1327 747 1394 operam
766 1306 817 1393 (si
829 1304 928 1374 moda
941 1303 978 1372 id
992 1307 1154 1395 consequi
1165 1328 1232 1397 po-

141 1401 245 1488 tuit),
271 1402 311 1462 ut
329 1392 430 1461 nimis
452 1390 679 1459 redundantes
701 1414 762 1460 noe
778 1399 813 1459 et
825 1392 1070 1481 superfluentes
1084 1390 1234 1465 iuvenili·

141 1486 288 1579 quadam
300 1478 433 1547 dicendi
447 1480 647 1569 impunitate
659 1486 695 1546 et
707 1480 843 1547 licentia
857 1481 1073 1567 reprimeret,
1093 1489 1131 1547 et
1144 1484 1231 1571 qna·

141 1578 175 1645 si
190 1580 285 1641 extra
300 1570 393 1657 ri'p'ae
407 1565 598 1633 diiiiuentee
610 1574 793 1634 coerceret.
832 1564 887 1632 Ita
899 1566 1012 1654 recepi
1025 1588 1078 1633 mo
1090 1567 1230 1639 hiennio

141 1670 223 1756 poet
240 1680 306 1728 non
328 1654 427 1725 modo
441 1654 675 1735 exercitatior,
697 1653 757 1721 sed
771 1675 877 1743 prope
890 1661 1053 1721 mutatus.
1096 1675 1177 1723 narn
1192 1664 1230 1725 et

139 1748 311 1820 contentio
335 1743 437 1810 nimia
460 1741 550 1810 vocis
565 1740 758 1823 resederat,
783 1747 819 1807 et
833 1741 933 1845 quasi
946 1740 1136 1809 deferverat
1150 1764 1229 1821 ora-

136 1840 201 1922 tio,
214 1832 452 1994 tleterii-tuoque
465 1830 555 1900 vireo
569 1835 606 1897 et
619 1829 754 1920 corpori
767 1828 945 1897 mediocria
958 1828 1098 1898 habitus
1112 1852 1229 1903 accae

134 1948 214 2000 sera
231 1970 243 1996 .
659 1956 662 1963 ·

208 2126 259 2168 uso
275 2104 450 2175 ineptiarum]
474 2106 505 2160 et
520 2101 610 2172 inopi.
626 2108 694 2163 rior.

205 2185 270 2237 316.
301 2178 427 2239 Cnidius]
449 2174 570 2229 Gnidiae
586 2173 629 2225 ed.
648 2185 691 2241 pr.

205 2248 432 2315 scriptoremque]
455 2247 623 2311 scriptoque
640 2247 683 2296 ed.
701 2252 742 2306 pr.

205 2318 417 2384 superfluentes]
445 2316 674 2381 eupramuentec
699 2313 744 2363 ed.
761 2320 802 2373 pr.
843 2308 964 2377 caprasi.
986 2310 1039 2363 tiu.
1059 2313 1085 2365 t.
1100 2314 1134 2381 ,2.
1168 2310 1226 2369 Pro

171 2387 395 2455 interpretatione
425 2388 503 2438 cocis
530 2384 729 2437 redundantes
752 2376 845 2431 habuit
866 2381 1029 2450 medicine,
1058 2395 1112 2436 non
1136 2382 1226 2439 invito

168 2460 277 2525 quidem
302 2457 421 2520 oreiiic,
451 2454 614 2520 praesertim
636 2466 698 2504 curu
719 2449 808 2501 tninue
825 2450 949 2501 suaviter
964 2450 1180 2517 superfluentes
1196 2456 1227 2507 et

168 2528 339 2597 diffluentes
356 2525 484 2585 deinceps
504 2530 648 2587 ponantur.
682 2522 876 2571 veruntamen
893 2522 1069 2585 exaggeratio
1089 2522 1226 2586 quamn

168 2598 279 2649 videtur·
303 2593 454 2647 sententiae
476 2591 631 2643 conveniret
665 2590 758 2651 Neque
775 2588 809 2637 de
826 2588 981 2649 suspicione
998 2590 1104 2642 fraudis
1121 2604 1226 2645 usen-

169 2666 239 2735 ticr,
271 2678 332 2716 oum
353 2663 427 2714 istud
450 2660 662 2727 superfluentes
685 2657 774 2721 magis
791 2656 826 2708 ad
843 2656 957 2719 figuram
975 2659 1090 2710 extremi
1106 2660 1226 2715 membri

141 2746 144 2751 ·
167 2737 262 2790 estro
277 2732 359 2799 ripas
375 2726 542 2798 diffluentes
560 2741 639 2794 quau
657 2728 692 2777 ad
708 2726 799 2777 tritum
815 2726 1013 2780 redundantes
1029 2730 1156 2781 accedat.

203 2803 372 2862 diffluentes]
400 2800 584 2870 diffluentem
606 2795 726 2846 Orcliius
749 2808 783 2845 ex
801 2795 852 2845 Gn.
866 2798 890 2845 1.
904 2800 931 2846 2.
949 2797 982 2845 Ι).
1021 2798 1076 2848 Sed
1097 2798 1224 2854 retinen-

139 2882 143 2891 '
168 2874 232 2925 dum
250 2884 311 2924 cunr
329 2873 373 2923 ed.
389 2883 432 2934 pr.
461 2866 624 2939 diffluentia
649 2863 711 2914 sive
735 2864 920 2932 diffluentes:
949 2878 1036 2930 neque
1052 2867 1127 2919 enirn
1143 2868 1223 2935 quie-

167 2952 248 3008 quam
267 2949 323 2993 tarn
340 2937 446 3002 inians,
469 2947 501 2989 ut
516 2938 599 3003 ripae
616 2932 785 3001 diffluentes
801 2934 905 2997 iunget.

201 3012 357 3069 resederet]
379 3008 426 3059 sic
443 3006 537 3058 Lami.
563 3004 713 3057 reciderat
724 3002 803 3053 libris
825 3002 880 3052 nisi
892 3003 962 3066 quod
976 3002 1127 3058 reciderat
1139 3006 1221 3059 orer·

165 3077 231 3133 lius.
265 3079 308 3130 ci.
331 3090 356 3129 c.
376 3079 409 3146 3,
435 3076 478 3126 to.
498 3070 673 3127 consederit.
707 3084 737 3121 c:
751 3070 803 3135 24,
821 3074 866 3120 93.
883 3070 1021 3123 totundit.
1057 3073 1099 3124 lis
1119 3076 1171 3129 irae
1184 3086 1218 3127 re

165 3151 305 3201 doctorum
324 3144 457 3198 hominum
475 3144 615 3209 opiniones
627 3140 738 3204 collegit
751 3140 891 3191 Ecmtein.
908 3142 937 3192 in
950 3141 1111 3194 Aristarcho
1123 3140 1219 3199 vossii

163 3214 370 3347 P'ddiediffii
401 3280 449 3333 sn
467 3279 550 3331 eoem
566 3278 600 3329 n.
618 3278 651 3329 ue
667 3274 785 3329 vicem.
825 3278 1000 3344 asperserat
1017 3279 1078 3331 eoa
1098 3282 1169 3333 vete
1190 3282 1222 3335 n

165 3355 219 3407 (iu.
239 3358 264 3407 ι.
278 3360 304 3407 2.
344 3350 534 3420 reserauerat
557 3348 600 3398 ed.
619 3358 660 3410 pr.
702 3344 894 3412 defermmt
917 3348 1011 3399 hamb.
1044 3348 1123 3401 Geni·
1146 3362 1220 3416 qnae

166 3424 288 3476 oreilius
306 3423 335 3474 iu
354 3423 424 3475 orat.
441 3420 601 3472 cretionem
618 3430 643 3467 c.
658 3415 710 3483 18,
731 3415 777 3468 43.
793 3426 843 3466 nos
858 3416 886 3467 in
899 3416 1006 3469 orator.
1021 3419 1065 3469 30.
1081 3418 1221 3487 dixirim

163 3494 228 3544 item
245 3492 342 3544 Eckst.
354 3492 376 3544 lt
389 3492 410 3541 i.
426 3504 452 3553 p.
468 3488 530 3540 329.
568 3504 571 3509 ·
865 3506 870 3515 ·

196 3562 317 3625 corpori]
342 3556 476 3625 corporis
494 3556 536 3608 ed.
555 3566 597 3620 pr.
631 3551 758 3604 Correxit
773 3551 917 3603 Ernestins
935 3566 995 3604 cnut
1015 3554 1069 3607 dut
1081 3556 1107 3607 1.

160 3631 342 3754 combaroger.
360 3628 469 3684 mattos
485 3624 562 3687 ραι]
583 3623 745 3683 mediocres
760 3625 948 3677 oceeemrnnt
963 3623 1057 3676 nomio
1068 3622 1131 3691 quis
1144 3628 1220 3695 epod

199 3715 228 3754 rr
265 3715 281 3753 u
312 3737 319 3753 .
896 3712 901 3723 ·
1162 3702 1165 3707 '
1220 3726 1224 3737 ·

176 3866 328 3923 Atticorum
340 3865 398 3927 est]
423 3858 568 3927 (ii-add,
584 3856 647 3913 284.
688 3856 729 3925 tis¹
738 3854 840 3913 iubeat
851 3858 951 3914 edem
961 3858 1084 3913 rhetores
1094 3854 1155 3921 eiii
1164 3842 1227 3921 'ak'

176 3939 237 3988 313.
282 3937 404 3991 ιιιοᾱιιιιι
432 3930 511 3993 veni]
545 3930 647 3981 Eodem
688 3928 768 3982 ditos.
1061 3984 1065 3993 Ι
1144 3980 1156 3993 ..

122 4017 194 4059 anno
209 4007 272 4059 eie.
739 3994 822 4063 nimis
837 3997 1033 4060 redundantes]
1060 3998 1218 4063 lurmllqn

173 4077 321 4138 Molonem]
336 4071 409 4128 Vide
422 4060 646 4121 umectam.
687 4065 763 4118 iiiern
784 4066 989 4119 redundantiam
1008 4068 1070 4131 ipse
1089 4072 1219 4137 ammte

122 4144 249 4202 &terum
273 4154 349 4196 recte
375 4148 466 4194 monet
483 4134 645 4193 wetsedue
687 4136 764 4189 orat.
777 4132 854 4187 dac
1176 4134 1180 4141 ’

122 4214 294 4267 Posidonium
313 4214 384 4264 inter
402 4208 548 4273 magisnec
563 4202 646 4271 dicc-
739 4204 845 4255 biennio
869 4204 944 4267 post]
972 4201 1073 4261 dicero
1098 4202 1217 4265 nm

120 4283 195 4336 runis
214 4280 309 4348 ederi,
330 4276 582 4347 qnocuuuoipsun
593 4284 643 4327 sa-
684 4272 804 4327 rediits.
817 4270 883 4329 377.
