2676 4748
176 294 244 377 'loo
600 302 839 375 taurus,

183 497 358 583 attenuata
384 510 587 583 presseque,
617 496 763 563 alterum
784 491 918 560 sublate
946 474 1121 582 ampleque
1147 490 1264 561 dioen-

182 582 290 650 tium:
318 580 385 647 etei
400 579 437 647 ul
451 582 572 648 melius
584 589 649 664 est,
670 580 761 671 quod
773 577 983 671 splendidius
999 587 1033 647 et
1049 581 1264 666 magnificen-

181 670 271 752 tius,
292 668 449 735 tamenin
464 668 561 735 bouis
576 671 685 737 omnia
699 668 787 758 quae
799 688 929 735 summa
942 675 1022 733 snut
1034 668 1107 734 iure
1120 667 1263 735 lauden:

130 774 133 787 ·
181 766 253 825 tur.
293 758 371 827 202.
391 752 459 822 sel
472 757 618 823 carendo
632 766 685 825 est
697 754 816 847 presso
828 756 882 824 illi
895 755 1023 828 oratori
1036 755 1149 844 inopia
1165 763 1201 823 et
1215 756 1264 823 ie·-

181 846 329 925 multae,
351 846 462 932 arnplo
477 851 589 911 autem
604 846 756 912 inflatum
771 852 806 910 et
818 851 1011 930 corruptum
1025 844 1189 910 orationis
1206 865 1265 929 ge*

182 952 259 1003 nus.
300 928 495 1001 Inveniebat
515 933 621 1018 igitur
640 939 738 999 acute
756 929 876 1013 Cotta,
902 930 1035 997 dicebat
1051 952 1135 1017 pure
1153 952 1192 996 ac
1208 953 1265 997 so-

180 1020 274 1087 lute:
300 1026 336 1085 ot
350 1026 390 1084 ut
402 1016 445 1085 ad
459 1018 687 1087 infirmitatem
701 1021 845 1086 laterum
857 1018 1065 1108 perscienter
1079 1019 1272 1105 contentio<

180 1126 256 1177 uem
270 1126 400 1171 ornnem
411 1107 601 1188 remiserat,
621 1108 672 1176 sic
685 1105 728 1174 etl
739 1107 859 1174 virium
872 1105 1136 1173 imbecillitatem
1152 1103 1265 1187 di'oen-

181 1192 219 1261 oi
241 1192 510 1261 accommodabat
528 1200 654 1281 genua·
686 1194 771 1261 nihil
789 1187 864 1261 era't
881 1195 917 1260 in
936 1193 1009 1260 eius
1026 1194 1178 1258 oratioue
1195 1194 1263 1261 nisi

182 1282 367 1364 sincerum,
395 1281 480 1348 nihil
495 1283 562 1349 nisi
574 1284 698 1350 siccum
714 1291 815 1371 atque
829 1300 967 1348 sanum:
992 1278 1145 1368 illuthue
1159 1280 1265 1347 maxi-

175 1390 286 1523 Δἷιιιιιιιι,
306 1367 408 1474 quoti,
428 1382 503 1435 cum
517 1370 726 1476 contentione
740 1369 902 1436 orationis
916 1370 1051 1521 fiplotere
1064 1368 1192 1435 animos
1211 1369 1265 1433 iu-

182 1461 1266 1633 ..11111.1.“.ῖῑο0.ῖ”.60“.1601031111190311.

184 1654 205 1702 a
227 1629 379 1727 Sulpicio
401 1633 574 1702 concitati.
615 1636 695 1706 2⁰3.
722 1632 805 1701 Fuit
826 1633 913 1700 enim
930 1628 1105 1721 Sulpicius
1120 1631 1176 1698 vel
1194 1650 1267 1697 mu·

133 1880 136 1889 ¹
236 1824 404 1885 [attenuate]
433 1826 544 1893 lueet,
573 1836 702 1880 scemate
744 1828 836 1880 nullas
857 1822 993 1876 orationes
1011 1820 1156 1887 reliquisse
1169 1821 1267 1873 Cicero

183 1898 214 1943 et
227 1893 305 1952 qttasl
316 1895 520 1958 religiosissime
536 1897 587 1955 (cl.
601 1897 702 1963 c.82.)‚
744 1897 812 1946 dicit
834 1896 910 1947 orat.
928 1895 972 1945 08.
1006 1892 1183 1956 Eloquentiae
1205 1892 1266 1941 eius

184 1961 252 2012 nlnil
270 1971 300 2013 nt
319 1972 430 2014 outatus
445 1974 472 2014 et
484 1967 617 2016 ubertatis
636 1978 702 2016 con·
745 1964 939 2016 disertissimus
952 1962 1031 2011 testis
1045 1971 1087 2011 est
1099 1956 1272 2012 luliusGaeae

184 2031 313 2096 celatur,
338 2033 386 2082 eetl
400 2041 430 2085 ut
441 2035 532 2086 omnia
549 2037 704 2086 referantur
746 2048 809 2104 sar,
834 2034 880 2099 qul
900 2033 928 2082 ln
947 2030 1121 2083 accusatione
1135 2031 1267 2080 Dolabel.
1321 2050 1324 2057 ·

185 2100 222 2150 eu
244 2111 356 2150 acernen
378 2109 406 2152 et
425 2104 614 2154 subtilitatem:
638 2105 719 2156 lteutss
745 2104 790 2157 lae
805 2116 831 2155 a.
846 2103 906 2158 677.
924 2100 1076 2162 extorqueri
1089 2100 1140 2148 sibi
1153 2112 1267 2149 causatu

85 2228 91 2239 ,
186 2175 217 2219 lli
229 2170 386 2224 ailemaro
396 2185 494 2223 uocem
507 2173 607 2223 dictum
620 2173 703 2224 lutlr·
745 2172 873 2236 optimam
893 2170 924 2221 C·
938 2166 1033 2227 Coitae
1052 2165 1201 2231 patrocinio
1222 2169 1267 2217 di-

186 2249 211 2286 c.
225 2235 301 2289 cleu.
315 2245 343 2288 et
356 2239 418 2291 Gur.
431 2242 456 2292 5.
474 2244 508 2292 (le
523 2241 636 2293 mollitie
652 2254 704 2292 vo·
746 2243 827 2293 xerit.
851 2241 1045 2292 uwesterm.
1061 2239 1157 2304 10103.
1175 2236 1266 2287 Oratt.

186 2304 229 2355 cis
250 2315 347 2359 acutas
369 2317 397 2359 et
425 2310 570 2374 eliquatae.
609 2313 705 2374 Neque
745 2311 855 2375 Fragm·
875 2322 902 2371 p.
918 2310 978 2371 163.
991 2319 1035 2371 sq.
1069 2305 1202 2371 Delenitus
1222 2305 1267 2354 in-

187 2376 238 2423 lroc
253 2377 340 2427 soltrm
354 2380 388 2429 ad
401 2381 548 2431 orationem
568 2388 704 2448 spectare,
745 2381 824 2445 genio
838 2386 866 2428 et
880 2376 1021 2440 prudentia
1031 2388 1111 2438 quam
1121 2374 1268 2439 letioriute

125 2504 129 2511 ,
185 2444 236 2493 'scel
253 2445 383 2498 etiamad
397 2461 495 2500 seusus
508 2457 706 2513 etargumenta
746 2448 887 2510 senseritq·
900 2447 1057 2503 nouaclum
1072 2442 1223 2495 testimonio
1239 2445 1267 2493 in

148 2512 150 2519 ’
188 2514 263 2564 tenui
275 2515 321 2564 illo
335 2517 464 2583 deducte,
481 2520 559 2568 velot
572 2519 705 2587 elegiaca,
746 2520 838 2571 Pisou.
852 2518 898 2570 26.
923 2507 994 2565 edito
1015 2514 1138 2565 occurat
1159 2512 1267 2573 Cicero,

187 2590 319 2636 monstrat
333 2585 491 2650 Propertius
504 2589 559 2654 lll,
573 2591 598 2655 1,
613 2589 639 2639 5.
657 2589 705 2638 ot-
747 2583 1055 2645 tenacissimorum,
1082 2595 1150 2644 quas
1170 2580 1267 2631 Cottas

187 2650 256 2720 tlte,
271 2666 327 2719 quo
338 2658 457 2718 pariter
470 2669 588 2712 carmen
601 2659 705 2708 tettae·
746 2655 883 2708 concessit
895 2653 924 2701 in
937 2652 1013 2700 libris
1028 2652 1061 2701 (le
1074 2655 1181 2704 Natura
1193 2652 1268 2701 Deo-

188 2719 243 2772 ttts
257 2719 409 2775 mantra?
431 2724 706 2784 Pressedteeresu-
746 2739 807 2782 rum
821 2724 894 2774 etde
909 2720 1031 2771 oratore.
1102 2758 1106 2763 .

188 2802 239 2851 pra
252 2793 414 2853 explicatum
428 2804 471 2846 est
482 2796 510 2846 lu
524 2797 581 2849 c.7.
596 2804 664 2846 extr.
677 2802 706 2847 et
799 2792 947 2849 sincerum]
959 2788 1078 2850 simplex
1085 2795 1112 2836 et
1119 2787 1265 2857 integrum.

188 2858 232 2916 2⁵.
248 2874 274 2921 0.
285 2862 344 2923 81.]
478 2877 481 2883 ’
746 2864 823 2918 item·
835 2860 943 2913 siccum
960 2859 1133 2907 sivasauutu
1151 2859 1198 2914 (de
1212 2864 1267 2917 opt.

240 2930 301 2979 202.
335 2931 429 2991 Cotta]
445 2930 476 2982 0·
489 2932 618 2983 Aurelius
628 2932 706 2984 Cotta
748 2946 809 2998 gen.
822 2939 901 2981 oratt.
914 2930 971 2994 0.),
990 2925 1039 2986 ‚coi
1051 2927 1169 2977 refertur
1187 2926 1268 2975 intla-

190 3002 384 3052 natussum.
402 3006 441 3061 (c.
452 3002 504 3061 88,
522 3003 598 3061 301.)
619 3002 706 3052 tribu-
748 3012 804 3055 tum
824 3011 910 3063 genus
928 3004 957 3047 et
977 2996 1135 3061 luxurians,
1160 2995 1188 3044 in
1202 3007 1268 3056 pro-

189 3073 281 3117 natum
302 3069 394 3119 ambiit
414 3083 439 3122 a.
459 3073 519 3122 663.
538 3074 610 3130 (91.)
642 3072 706 3120 lllox
748 3073 863 3137 prietate
882 3065 1007 3118 dictionis
1025 3064 1133 3117 subtilis
1153 3071 1181 3114 et
1191 3063 1267 3114 Atti-

191 3143 280 3185 autem
299 3140 361 3202 lege
379 3141 474 3191 Varia
493 3140 585 3197 (cuius
604 3139 707 3190 invidia
749 3154 798 3193 oae
812 3140 900 3187 locum
913 3137 1001 3187 habet.

191 3206 294 3255 saeviit
309 3208 336 3256 ln
357 3209 515 3275 optimates,
539 3209 583 3271 qui
600 3208 707 3271 legluos
799 3205 967 3262 contentione
981 3200 1123 3261 orationis]
1140 3199 1269 3250 concita-

190 3272 273 3323 llrnsl
298 3277 457 3328 resistentes
483 3279 582 3328 bellum
605 3277 708 3329 sociale
751 3288 778 3331 to
791 3286 819 3327 et
832 3284 943 3328 actuoso
959 3272 1063 3322 dicendi
1078 3282 1185 3334 genere.

190 3344 388 3409 concitassent)
400 3361 425 3402 a.
433 3347 495 3398 664.
512 3348 665 3410 postulatus
680 3354 708 3395 et
799 3345 952 3402 tractando]
965 3342 1037 3393 Vide
1047 3346 1136 3391 annot.
1150 3337 1178 3386 io
1191 3332 1268 3401 ast,

189 3413 359 3464 atribuuatu
389 3418 520 3478 depulsus
547 3417 575 3466 in
597 3415 708 3465 exilium
751 3417 814 3466 199.
829 3413 872 3464 cio
885 3411 1096 3463 emoutmorom
1107 3408 1270 3458 motuter-

191 3481 373 3533 voluntarlom
385 3487 460 3536 aoilt.
493 3485 584 3536 ltediit
596 3486 708 3537 Romam
749 3484 835 3535 ultor
843 3515 853 3549 ‚
876 3482 945 3548 quid
958 3479 1003 3531 to
1016 3476 1179 3530 tractandis
1193 3486 1270 3537 pter-

189 3560 252 3598 oum
279 3552 357 3602 sulla
384 3568 410 3607 a·
440 3556 501 3609 672.
535 3558 602 3607 'lum
623 3555 709 3606 omu-
749 3553 830 3621 ficiet
843 3554 958 3606 orator.
975 3549 1054 3600 Cotta
1068 3544 1206 3596 lenissimo
1218 3556 1271 3607 ge-

94 3648 97 3661 »
192 3630 226 3669 sa
252 3627 381 3681 praetura
399 3625 492 3673 consul
512 3625 603 3674 iactus
621 3632 664 3674 est
681 3636 708 3676 a.
750 3636 815 3673 nere
828 3621 954 3687 docendi,
973 3613 1165 3681 persuadendi,
1184 3624 1272 3676 argu*

191 3687 255 3739 079.
279 3702 393 3752 cumque
404 3693 480 3744 Sulla
491 3694 580 3755 legem
591 3693 709 3757 tulisset,
749 3690 901 3755 menerual,
924 3684 1076 3739 insinuandi
1088 3690 1192 3733 tautum
1204 3681 1285 3732 effi·-

193 3763 225 3809 ut
249 3759 353 3827 tribonl
370 3763 407 3822 pl.
431 3761 543 3823 reliquis
566 3762 708 3814 nonoribus
746 3762 850 3831 eleum,
867 3766 994 3822 quantum
1006 3753 1140 3817 Sulpicius
1152 3751 1272 3803 maxima

192 3836 366 3893 arcerentur,
383 3830 518 3892 antiquam
529 3832 618 3894 legem
629 3831 709 3882 Cotta
751 3826 920 3883 'contentione
933 3834 962 3876 et
974 3827 1083 3887 impetu.

190 3897 315 3965 reduxit,
342 3906 372 3948 ut
392 3898 506 3949 tribunis
527 3900 597 3951 allos
613 3906 710 3964 postea
802 3899 864 3950 200.
902 3894 1052 3958 Sulpicius]
1081 3890 1113 3939 1¹.
1131 3886 1272 3949 Sulpicius

99 3984 102 4001 ·
190 3966 366 4031 magistratus
384 3976 477 4033 petere
497 3965 601 4020 liceret.
635 3958 709 4019 Idem
750 3967 841 4019 Bolus
857 3973 938 4017 ustus
951 3964 1125 4014 eodemauuo
1140 3956 1272 4020 quecui-

191 4038 383 4090 exconsulatu
396 4036 557 4093 lnGalllam
571 4038 709 4102 protectus
752 4044 798 4102 ta,
824 4035 842 4086 l.
864 4049 888 4085 e.
907 4047 933 4090 a,
953 4032 1014 4083 600.
1049 4028 1218 4078 Adolescens
1237 4025 1270 4076 G.

157 4141 159 4144 .
193 4112 253 4165 0⁸⁸2
282 4105 410 4173 triumplu
428 4109 555 4159 honorem
580 4114 710 4171 captans3
751 4106 922 4170 Norbanum,
938 4100 1026 4167 quio.
1039 4096 1186 4151 seruilium
1197 4094 1271 4147 cae·

191 4180 278 4229 morte
307 4183 398 4230 umen
420 4172 601 4243 ‘prusenus
641 4176 710 4232 uua
751 4175 858 4244 plocen
871 4170 973 4230 attt-
989 4167 1201 4234 montmoret,
1223 4174 1272 4220 eo·
