2676 4748
40 310 112 384 232
359 420 369 439 ⁶
402 364 405 385 .
468 300 713 381 BRUTUS·

48 498 178 578 lenum,
201 491 268 563 sed
289 492 551 581 immigrassein
565 505 664 563 sunm
685 482 830 562 dinemo
871 506 933 560 neu
948 510 1031 562 veno
1053 493 1139 562 beeo

50 586 164 654 solute
181 603 243 651 neu
259 580 467 666 diltlneutie,
498 580 561 652 neti
581 581 725 650 estmetn
744 573 911 662 nunerio,
930 601 998 649 nou
1017 589 1138 671 aperte

50 691 112 741 nen
127 669 243 739 eedem
257 669 355 741 motio
368 690 519 761 semper,
540 666 602 738 aad
614 669 706 740 varie
720 666 1039 758 dissimulanterque
1058 691 1139 739 eou-

50 759 170 829 elnsis.
220 758 300 832 2⁷⁵.
327 757 435 827 Erant
456 765 567 826 autent
584 764 621 825 et
640 756 817 825 verborum
839 763 875 824 el
894 756 1139 825 sententiarum

50 848 113 916 iila
123 845 273 928 lumine,
286 863 381 935 ¹quae
394 852 514 914 vocent
525 844 648 913 Graeci
658 848 819 932 σχήματα,
840 842 964 931 quibus
976 853 1139 934 tanquam

51 934 239 1021 insignibus
253 934 289 1000 in
301 943 423 1000 ornatu
440 931 712 1020 distinguebatur
726 932 834 999 omnis
848 931 970 1001 orabo.
1001 932 1079 1020 Qvi
1092 954 1140 999 nn

51 1042 98 1089 ιιιι
115 1041 245 1089 norrun
264 1029 374 1087 autern
391 1018 496 1103 illud,
523 1020 615 1113 qnod
630 1019 748 1087 multis
760 1020 846 1086 loeis
867 1018 903 1085 in
917 1016 1142 1087 iurisconsul-

51 1115 165 1177 torum
182 1105 369 1176 includitur
383 1108 552 1190 iormuliu,
571 1106 608 1176 ll
622 1107 680 1174 ubi
693 1112 784 1175 esset
798 1096 947 1178 videbat.
986 1103 1141 1178 LXXX,

49 1199 133 1270 276.
160 1194 357 1265 Accedebat
369 1195 452 1265 ordo
468 1216 583 1266 renutu
596 1197 718 1289 plenus
734 1193 839 1278 artie,
866 1194 955 1263 notio
973 1196 1142 1279 liberalis,

118 1417 286 1481 diffluentia]
310 1419 467 1489 aetlumio
483 1420 525 1473 et.
541 1432 586 1485 nr.
663 1449 669 1461 ·

122 1489 341 1552 dissimulanter]
364 1488 547 1545 absimiliter
563 1488 659 1542 bamb.
675 1483 705 1538 in
721 1498 807 1552 marg.
819 1483 899 1542 15⁸4.
932 1488 970 1539 Ut
987 1495 1078 1540 autern
1090 1498 1143 1542 eo·

90 1557 159 1612 dem
173 1560 258 1610 morto
273 1566 302 1610 et
317 1561 417 1626 omit,
446 1560 487 1610 sic
503 1560 652 1626 operteat
668 1556 887 1610 dissimulanter
904 1554 958 1608 sibi
975 1558 1143 1610 referuntur.

122 1627 186 1681 275.
219 1636 322 1680 vocant
339 1628 454 1690 Graeci]
477 1626 585 1682 &oeci
598 1630 706 1682 vocata
723 1625 767 1678 etl.
784 1640 826 1690 ur.
849 1627 888 1677 cl.
905 1625 932 1686 s.
944 1626 1005 1678 265.

121 1697 214 1761 egitur
235 1705 325 1750 nutam
347 1699 429 1761 illul]
455 1699 523 1751 itane
539 1701 584 1751 eil.
600 1710 643 1764 pr.
675 1698 773 1749 ortem
791 1694 892 1763 ociter
910 1695 984 1747 taso
1002 1695 1054 1752 (iu.
1070 1699 1096 1749 1.
1112 1698 1143 1749 2.

124 1764 154 1817 in
171 1765 218 1817 ubi
233 1770 321 1828 esset]
344 1768 391 1818 sic
408 1768 544 1820 comanus
561 1775 590 1819 et
605 1766 768 1832 Lambinus,
795 1777 864 1829 quos
888 1774 1036 1828 sequeretur
1052 1765 1144 1816 edito·

88 1841 138 1888 ras
159 1835 291 1901 plerique,
326 1839 358 1889 et
380 1836 429 1889 obt
451 1839 527 1889 esset
544 1838 587 1888 etl.
604 1850 645 1902 pr.
670 1849 731 1886 eum
749 1836 825 1884 colu.
858 1834 975 1901 etquid
991 1836 1086 1903 estet,
1103 1836 1144 1893 iet

87 1902 137 1956 ult
151 1905 245 1970 esset,
265 1903 379 1959 allebat
394 1903 616 1958 artmannus-in
632 1905 704 1957 Nor.
720 1907 782 1957 Aet.
800 1904 862 1955 soe.
880 1903 938 1955 len.
954 1916 982 1968 u.
996 1901 1041 1957 47.

56 2102 120 2170 lae,
137 2114 236 2157 omnes
248 2105 332 2168 Arte,
348 2103 513 2170 pauimento
529 2107 580 2162 ct-
620 2108 652 2175 1,
663 2108 707 2160 22.
729 2106 814 2159 Ilicet
827 2108 880 2159 too
891 2118 1001 2173 qeoqtm
1013 2105 1101 2172 siquo
1113 2107 1148 2158 et

56 2183 113 2241 qtae
126 2172 290 2227 emblemate
301 2173 502 2227 vermiculato.
622 2176 734 2229 taneos
763 2176 860 2241 pictae
887 2177 1057 2227 ornamento
1088 2178 1147 2226 ter·-

73 2238 77 2249 '
107 2243 210 2304 solnta]
242 2245 330 2307 'upra
347 2256 372 2295 e.
385 2243 412 2294 8.
433 2244 580 2297 Isocraten
620 2244 792 2312 bi'foroqtte
818 2244 917 2310 populi
937 2247 1021 2297 Rom.
1039 2244 1145 2313 foisse.

53 2308 171 2375 primes
182 2312 343 2378 intellexit,
359 2313 446 2365 eliam
458 2314 490 2366 itt
500 2316 581 2366 eolo·
620 2316 750 2371 Memini.
774 2315 840 2366 Vici
854 2315 940 2365 simul
954 2329 1020 2367 corn
1037 2308 1146 2380 pabulo
1175 2374 1179 2379 ,

56 2380 91 2432 to
111 2375 246 2445 oratione
254 2416 264 2448 ,
287 2384 355 2435 dom
368 2378 487 2434 versum
504 2382 580 2452 effo-
621 2387 751 2441 Romano
762 2386 862 2453 foram
875 2384 1077 2450 comitiumque
1089 2385 1146 2436 ott-

56 2459 159 2518 oeres,
181 2453 296 2503 modom
315 2454 412 2504 tomen
431 2457 462 2506 et
479 2466 579 2505 mtme-
621 2457 758 2506 orantem
778 2454 817 2505 oo
843 2453 965 2519 speeiem
993 2452 1147 2520 maonifieo

57 2530 126 2571 rom
144 2523 286 2586 quendam
302 2525 440 2585 oportere
453 2523 579 2574 serveri-
621 2527 739 2585 ornato,
756 2525 794 2574 oet
804 2523 1148 2590 eentumcoyitotiortem-

56 2584 152 2640 Verba
169 2590 252 2654 igitur
268 2593 365 2642 soluto
383 2594 447 2642 sunt
459 2591 579 2643 numeris
620 2607 675 2662 que
688 2593 790 2644 acerbo
804 2595 833 2643 et
845 2593 968 2660 lucubri.
1001 2595 1062 2643 Huc
1075 2596 1147 2644 adele

58 2658 187 2710 lenitura
193 2673 203 2722 3
222 2662 316 2710 eudem
323 2659 496 2729 diffluentia,
509 2673 580 2726 quae
622 2675 691 2728 quae
712 2665 745 2712 tle
764 2663 870 2712 theatro
884 2661 1027 2727 magnilica
1040 2664 1147 2714 iustru—
1188 2706 1193 2713 .

57 2727 133 2778 nullo
158 2740 330 2781 numerorum
361 2730 471 2782 vinculo
501 2743 582 2782 coer·
623 2741 667 2783 cto
685 2732 713 2780 in
732 2731 869 2783 aedilitate
888 2733 925 2780 Μ.
939 2730 1036 2781 scauri
1056 2733 1147 2784 refert

57 2799 162 2848 centur.
623 2800 728 2867 Plinius
740 2799 872 2863 XXXlV,
888 2803 923 2861 ii,
942 2801 983 2851 17.
1011 2800 1148 2868 xxxvl,

111 2865 172 2918 275.
207 2864 308 2916 Graeci
322 2874 423 2918 vocant
442 2859 583 2935 σχήματα]
624 2876 658 2935 2,
677 2873 703 2920 2.
734 2870 812 2920 llanc
825 2869 1148 2923 ecenaeveltoriexor-

58 2934 97 2986 V·
114 2933 143 2985 in
159 2947 183 2985 c.
202 2935 246 2989 tl.
264 2937 333 2987 extr.
356 2939 419 2987 coll.
443 2936 519 2989 Orat.
538 2937 582 2991 25.
623 2937 1148 3000 nationemeomparatcicerocuntoru-

58 3004 124 3055 rot.
137 3005 163 3056 R
206 3028 209 3032 >
624 3007 706 3060 tionis
720 3015 862 3071 apparatu,
880 3007 925 3071 qul
938 3009 1148 3071 figurlsverbo-

109 3071 262 3137 insignibus
274 3072 302 3123 iu
315 3074 425 3133 ornatu]
445 3075 506 3126 Ηιιο
518 3087 582 3137 per·
624 3091 684 3132 rum
697 3079 725 3127 et
737 3077 930 3129 sententiarum
943 3078 1072 3129 efficitur.

59 3139 143 3206 linet,
167 3144 236 3205 quod
252 3140 349 3193 cicero
366 3144 433 3193 dlxit
447 3144 522 3195 orat.
538 3146 582 3194 39.
677 3148 792 3207 Quane
818 3159 850 3196 re
874 3147 977 3210 agitare]
1016 3146 1148 3198 Formnla

58 3211 232 3277 necetque
250 3226 288 3264 eu
308 3214 493 3264 collocatione
512 3225 584 3267 oer-
625 3218 741 3280 quedam
765 3216 887 3278 legitima
911 3216 1036 3277 desiguat
1056 3216 1148 3279 ipsum

59 3280 161 3330 boram
177 3294 251 3346 quoe
267 3285 423 3333 sumentur
439 3281 522 3349 quoti
536 3284 583 3334 la»
626 3299 736 3338 causam
756 3294 784 3335 et
805 3285 990 3348 quaestionem
1012 3285 1041 3334 iu
1055 3286 1150 3334 elisce-

60 3349 584 3476 tilttltlttltltillitttb
625 3356 774 3486 illiti
781 3355 1152 3475 attractabilis

60 3487 135 3551 illie,
153 3500 226 3552 quoe
238 3489 270 3538 ia
281 3491 374 3554 amplo
392 3494 502 3542 oracta
520 3505 585 3543 ece·
626 3496 824 3556 explicaretur,
848 3490 969 3544 Calidius
982 3495 1072 3541 temen
1085 3501 1152 3543 eam

60 3569 117 3608 moe
143 3557 198 3607 out
223 3559 286 3624 fori
305 3562 490 3624 opponentne·
509 3561 584 3613 ittet·
625 3564 723 3626 optime
736 3563 913 3623 intelligebat.
930 3564 970 3613 De
981 3562 1041 3611 Flu.
1051 3560 1090 3625 V,
1102 3563 1151 3611 26.

62 3626 146 3693 caio,
163 3639 221 3677 noa
235 3628 307 3691 quod
318 3631 379 3680 eolo
391 3633 511 3694 ornent,
532 3631 584 3683 seul
625 3640 696 3684 extr.
720 3633 813 3695 (quiem
826 3634 913 3683 locum
927 3636 1064 3693 comperet
1077 3628 1153 3679 Cor-

62 3697 140 3760 queo
160 3697 312 3748 tacebant.
347 3698 413 3748 Cum
435 3702 506 3750 enim
526 3700 583 3753 ludi
626 3705 722 3759 radus)
739 3703 766 3753 si
779 3704 823 3752 eet
838 3701 998 3766 qaisquam,
1015 3701 1065 3765 qai
1077 3712 1152 3750 oote-

5 3765 8 3770 '
61 3765 91 3814 in
105 3766 165 3816 loro
180 3764 286 3826 publica
301 3766 519 3832 celebrarentur,
536 3783 584 3820 so·
626 3773 656 3823 te
669 3771 700 3821 in
712 3771 807 3822 cenete
820 3773 921 3822 uidere
939 3771 1050 3835 soleat,
1075 3767 1156 3836 quoe

61 3834 135 3886 lebat
147 3837 235 3886 iorum
246 3835 335 3896 amplo
346 3838 469 3888 decorari
477 3842 584 3908 ornatu,
624 3853 675 3894 ree
688 3842 806 3907 oyotor,
824 3841 850 3891 ie
863 3853 894 3892 es
907 3842 1045 3908 profecto
1058 3842 1103 3890 to.

63 3905 189 3970 coronis,
220 3904 334 3970 statuis,
367 3908 467 3958 tabulis
492 3907 583 3974 pictis,
676 3908 758 3960 080.
767 3912 827 3962 276.
851 3908 1072 3969 actioliberalis]
1088 3910 1153 3960 llo-

62 3973 203 4036 vestibus,
237 3964 364 4038 tlorl‘uur3
400 3974 465 4026 item
484 3989 544 4027 cnm
565 3989 585 4026 a
624 3979 670 4028 tus
690 3986 718 4029 et
737 3979 846 4031 babitus
867 3979 1018 4029 liberaliter
1035 3980 1152 4030 educato

62 4042 266 4106 magistratibus
284 4044 340 4095 lulli
357 4045 460 4095 scenici
473 4047 584 4097 exbibe-
625 4048 740 4116 diguus,
764 4047 810 4099 cui
829 4060 880 4102 nos
898 4048 1060 4115 tribuimus,
1075 4049 1153 4101 We-

61 4121 166 4178 rentur,
182 4124 280 4178 magm
293 4122 425 4177 apparatu
437 4128 521 4167 scena
534 4128 584 4167 ex·
625 4118 711 4170 tzelio
722 4124 862 4187 mouente,
878 4116 963 4172 elaea
976 4118 1076 4184 sceiere
1090 4116 1153 4171 Aa·

62 4182 219 4235 ornabatur.
254 4183 410 4237 luverrin.
426 4186 461 4238 A·
476 4185 513 4239 ll.
534 4185 583 4239 lib.
625 4187 722 4242 moad.
