<?xml version="1.0" encoding="UTF-8"?>
<!DOCTYPE html PUBLIC "-//W3C//DTD XHTML 1.0 Transitional//EN"
    "http://www.w3.org/TR/xhtml1/DTD/xhtml1-transitional.dtd">
<html xmlns="http://www.w3.org/1999/xhtml" xml:lang="en" lang="en">
 <head>
  <title>
</title>
<meta http-equiv="Content-Type" content="text/html;charset=utf-8" />
  <meta name='ocr-system' content='tesseract 3.04.00' />
  <meta name='ocr-capabilities' content='ocr_page ocr_carea ocr_par ocr_line ocrx_word'/>
</head>
<body>
  <div class='ocr_page' id='page_1' title='image "./mtulliiciceroni00meyegoog_0244.png"; bbox 0 0 2676 4748; ppageno 0'>
   <div class='ocr_carea' id='block_1_1' title="bbox 541 308 1204 407">
    <p class='ocr_par' dir='ltr' id='par_1_1' title="bbox 541 308 1204 407">
     <span class='ocr_line' id='line_1_1' title="bbox 541 308 1204 407; baseline 0 -18"><span class='ocrx_word' id='word_1_1' title='bbox 541 308 779 407; x_wconf 53' lang='lat' dir='ltr'>caustro</span> <span class='ocrx_word' id='word_1_2' title='bbox 1135 319 1204 389; x_wconf 81' lang='lat' dir='ltr'>no</span> 
     </span>
    </p>
   </div>
   <div class='ocr_carea' id='block_1_2' title="bbox 118 458 1205 1207">
    <p class='ocr_par' dir='ltr' id='par_1_2' title="bbox 118 458 1205 1207">
     <span class='ocr_line' id='line_1_2' title="bbox 120 458 1204 594; baseline -0.003 -18"><span class='ocrx_word' id='word_1_3' title='bbox 120 505 204 578; x_wconf 82' lang='lat' dir='ltr'>ruit.</span> <span class='ocrx_word' id='word_1_4' title='bbox 244 503 330 574; x_wconf 81' lang='lat' dir='ltr'>nihil</span> <span class='ocrx_word' id='word_1_5' title='bbox 350 508 406 572; x_wconf 76' lang='lat' dir='ltr'>est</span> <span class='ocrx_word' id='word_1_6' title='bbox 425 501 512 573; x_wconf 84' lang='lat' dir='ltr'>onim</span> <span class='ocrx_word' id='word_1_7' title='bbox 531 504 568 573; x_wconf 89' lang='lat' dir='ltr'>iu</span> <span class='ocrx_word' id='word_1_8' title='bbox 588 503 731 573; x_wconf 79' lang='lat' dir='ltr'>historia</span> <span class='ocrx_word' id='word_1_9' title='bbox 745 458 1204 594; x_wconf 69' lang='lat' dir='ltr'>puroet-illustribrevitsie</span> 
     </span>
     <span class='ocr_line' id='line_1_3' title="bbox 120 591 1203 695; baseline -0.004 -33"><span class='ocrx_word' id='word_1_10' title='bbox 120 593 266 663; x_wconf 89' lang='lat' dir='ltr'>dulcius.</span> <span class='ocrx_word' id='word_1_11' title='bbox 301 593 382 688; x_wconf 85' lang='lat' dir='ltr'>¹Sed</span> <span class='ocrx_word' id='word_1_12' title='bbox 397 591 441 661; x_wconf 83' lang='lat' dir='ltr'>ad</span> <span class='ocrx_word' id='word_1_13' title='bbox 454 614 531 675; x_wconf 75' lang='lat' dir='ltr'>eos,</span> <span class='ocrx_word' id='word_1_14' title='bbox 550 594 583 662; x_wconf 91' lang='lat' dir='ltr'>si</span> <span class='ocrx_word' id='word_1_15' title='bbox 595 594 727 683; x_wconf 74' lang='lat' dir='ltr'>placet,</span> <span class='ocrx_word' id='word_1_16' title='bbox 747 592 808 682; x_wconf 78' lang='lat' dir='ltr'>qni</span> <span class='ocrx_word' id='word_1_17' title='bbox 820 591 890 659; x_wconf 78' lang='lat' dir='ltr'>vita</span> <span class='ocrx_word' id='word_1_18' title='bbox 902 600 1128 674; x_wconf 79' lang='lat' dir='ltr'>excesserunt,</span> <span class='ocrx_word' id='word_1_19' title='bbox 1148 614 1203 695; x_wconf 73' lang='lat' dir='ltr'>ne,-</span> 
     </span>
     <span class='ocr_line' id='line_1_4' title="bbox 119 690 1204 863; baseline -0.006 -29"><span class='ocrx_word' id='word_1_20' title='bbox 119 690 391 835; x_wconf 51' lang='lat' dir='ltr'>vertalilaliiiffl.</span> <span class='ocrx_word' id='word_1_21' title='bbox 420 767 499 863; x_wconf 71' lang='lat'><strong>363.</strong></span> <span class='ocrx_word' id='word_1_22' title='bbox 515 762 558 837; x_wconf 81' lang='lat' dir='ltr'>C.</span> <span class='ocrx_word' id='word_1_23' title='bbox 572 765 721 835; x_wconf 76' lang='lat' dir='ltr'>Sicinius</span> <span class='ocrx_word' id='word_1_24' title='bbox 732 764 855 852; x_wconf 79' lang='lat' dir='ltr'>igitur,</span> <span class='ocrx_word' id='word_1_25' title='bbox 871 728 922 851; x_wconf 74' lang='lat' dir='ltr'>Q.¹</span> <span class='ocrx_word' id='word_1_26' title='bbox 930 760 1083 851; x_wconf 83' lang='lat' dir='ltr'>Pompeii</span> <span class='ocrx_word' id='word_1_27' title='bbox 1097 716 1204 849; x_wconf 70' lang='lat' dir='ltr'>illius,</span> 
     </span>
     <span class='ocr_line' id='line_1_5' title="bbox 119 851 1205 943; baseline -0.004 -20"><span class='ocrx_word' id='word_1_28' title='bbox 119 856 180 943; x_wconf 87' lang='lat' dir='ltr'>qni</span> <span class='ocrx_word' id='word_1_29' title='bbox 202 876 322 921; x_wconf 85' lang='lat' dir='ltr'>censor</span> <span class='ocrx_word' id='word_1_30' title='bbox 341 855 423 935; x_wconf 85' lang='lat' dir='ltr'>fuit,</span> <span class='ocrx_word' id='word_1_31' title='bbox 450 876 491 921; x_wconf 90' lang='lat' dir='ltr'>ex</span> <span class='ocrx_word' id='word_1_32' title='bbox 511 854 583 921; x_wconf 86' lang='lat' dir='ltr'>filia</span> <span class='ocrx_word' id='word_1_33' title='bbox 597 875 720 942; x_wconf 86' lang='lat' dir='ltr'>nepos,</span> <span class='ocrx_word' id='word_1_34' title='bbox 741 851 956 941; x_wconf 84' lang='lat' dir='ltr'>quaestorius</span> <span class='ocrx_word' id='word_1_35' title='bbox 970 857 1205 930; x_wconf 79' lang='lat' dir='ltr'>mortuusesi‘,</span> 
     </span>
     <span class='ocr_line' id='line_1_6' title="bbox 118 937 1204 1096; baseline -0.001 -2"><span class='ocrx_word' id='word_1_36' title='bbox 118 942 249 1094; x_wconf 43' lang='lat' dir='ltr'>,Yon</span> <span class='ocrx_word' id='word_1_37' title='bbox 251 943 276 1008; x_wconf 68' lang='lat'>³¹</span> <span class='ocrx_word' id='word_1_38' title='bbox 278 943 312 1095; x_wconf 74' lang='lat' dir='ltr'>i</span> <span class='ocrx_word' id='word_1_39' title='bbox 322 942 543 1096; x_wconf 53' lang='lat' dir='ltr'>bladi</span> <span class='ocrx_word' id='word_1_40' title='bbox 553 939 956 1096; x_wconf 62' lang='lat' dir='ltr'>illibabilis</span> <span class='ocrx_word' id='word_1_41' title='bbox 966 937 1099 1092; x_wconf 66' lang='lat' dir='ltr'>llll„</span> <span class='ocrx_word' id='word_1_42' title='bbox 1109 937 1204 1094; x_wconf 68' lang='lat' dir='ltr'>llll</span> 
     </span>
     <span class='ocr_line' id='line_1_7' title="bbox 119 1047 1203 1207; baseline -0.004 -23"><span class='ocrx_word' id='word_1_43' title='bbox 119 1051 336 1207; x_wconf 44' lang='lat' dir='ltr'>sisciam?</span> <span class='ocrx_word' id='word_1_44' title='bbox 354 1075 394 1182; x_wconf 66' lang='lat' dir='ltr'>ea</span> <span class='ocrx_word' id='word_1_45' title='bbox 417 1113 476 1182; x_wconf 84' lang='lat' dir='ltr'>dat</span> <span class='ocrx_word' id='word_1_46' title='bbox 497 1117 647 1183; x_wconf 83' lang='lat' dir='ltr'>rationes</span> <span class='ocrx_word' id='word_1_47' title='bbox 667 1123 780 1182; x_wconf 76' lang='lat' dir='ltr'>motas</span> <span class='ocrx_word' id='word_1_48' title='bbox 803 1050 864 1181; x_wconf 67' lang='lat' dir='ltr'>etp</span> <span class='ocrx_word' id='word_1_49' title='bbox 881 1119 1037 1200; x_wconf 83' lang='lat' dir='ltr'>raeeepta</span> <span class='ocrx_word' id='word_1_50' title='bbox 1052 1047 1203 1180; x_wconf 65' lang='lat' dir='ltr'>&lt;licinum</span> 
     </span>
    </p>
   </div>
   <div class='ocr_carea' id='block_1_3' title="bbox 119 1136 1204 1294">
    <p class='ocr_par' dir='ltr' id='par_1_3' title="bbox 119 1136 1204 1294">
     <span class='ocr_line' id='line_1_8' title="bbox 119 1136 1204 1294; baseline -0.006 -22"><span class='ocrx_word' id='word_1_51' title='bbox 119 1227 211 1294; x_wconf 80' lang='lat' dir='ltr'>qnae</span> <span class='ocrx_word' id='word_1_52' title='bbox 228 1205 297 1273; x_wconf 84' lang='lat' dir='ltr'>etsi</span> <span class='ocrx_word' id='word_1_53' title='bbox 316 1203 477 1271; x_wconf 76' lang='lat' dir='ltr'>minorem</span> <span class='ocrx_word' id='word_1_54' title='bbox 492 1204 617 1272; x_wconf 73' lang='lat' dir='ltr'>labent</span> <span class='ocrx_word' id='word_1_55' title='bbox 633 1209 833 1294; x_wconf 81' lang='lat' dir='ltr'>apparatum</span> <span class='ocrx_word' id='word_1_56' title='bbox 854 1136 955 1290; x_wconf 59' lang='lat' dir='ltr'>irunt</span> <span class='ocrx_word' id='word_1_57' title='bbox 968 1200 1056 1267; x_wconf 86' lang='lat' dir='ltr'>enim</span> <span class='ocrx_word' id='word_1_58' title='bbox 1072 1199 1204 1287; x_wconf 76' lang='lat' dir='ltr'>exilia),</span> 
     </span>
    </p>
   </div>
   <div class='ocr_carea' id='block_1_4' title="bbox 65 1330 1265 1860">
    <p class='ocr_par' dir='ltr' id='par_1_4' title="bbox 187 1330 1265 1514">
     <span class='ocr_line' id='line_1_9' title="bbox 453 1330 1200 1355; baseline 0.003 -2"><span class='ocrx_word' id='word_1_59' title='bbox 453 1348 455 1353; x_wconf 86' lang='lat'><em>.</em></span> <span class='ocrx_word' id='word_1_60' title='bbox 762 1345 766 1351; x_wconf 86' lang='lat'>·</span> <span class='ocrx_word' id='word_1_61' title='bbox 853 1342 858 1355; x_wconf 78' lang='lat' dir='ltr'>l</span> <span class='ocrx_word' id='word_1_62' title='bbox 1121 1336 1145 1349; x_wconf 83' lang='lat'>¹·</span> <span class='ocrx_word' id='word_1_63' title='bbox 1191 1330 1200 1355; x_wconf 73' lang='grc' dir='ltr'>Ι</span> 
     </span>
     <span class='ocr_line' id='line_1_10' title="bbox 187 1366 1208 1445; baseline -0.006 -13"><span class='ocrx_word' id='word_1_64' title='bbox 187 1378 255 1432; x_wconf 83' lang='lat' dir='ltr'>nibil</span> <span class='ocrx_word' id='word_1_65' title='bbox 268 1382 311 1432; x_wconf 87' lang='lat' dir='ltr'>est</span> <span class='ocrx_word' id='word_1_66' title='bbox 324 1377 408 1440; x_wconf 86' lang='lat' dir='ltr'>enim]</span> <span class='ocrx_word' id='word_1_67' title='bbox 433 1379 480 1432; x_wconf 78' lang='lat' dir='ltr'>Sic</span> <span class='ocrx_word' id='word_1_68' title='bbox 493 1381 536 1432; x_wconf 88' lang='lat' dir='ltr'>ed</span> <span class='ocrx_word' id='word_1_69' title='bbox 548 1392 591 1445; x_wconf 86' lang='lat' dir='ltr'>pr.</span> <span class='ocrx_word' id='word_1_70' title='bbox 623 1378 696 1432; x_wconf 74' lang='lat' dir='ltr'>nidd</span> <span class='ocrx_word' id='word_1_71' title='bbox 708 1377 785 1432; x_wconf 81' lang='lat' dir='ltr'>enim</span> <span class='ocrx_word' id='word_1_72' title='bbox 797 1379 842 1432; x_wconf 84' lang='lat' dir='ltr'>est</span> <span class='ocrx_word' id='word_1_73' title='bbox 854 1378 930 1442; x_wconf 83' lang='lat' dir='ltr'>vulg.</span> <span class='ocrx_word' id='word_1_74' title='bbox 956 1377 994 1428; x_wconf 86' lang='lat' dir='ltr'>v.</span> <span class='ocrx_word' id='word_1_75' title='bbox 1005 1376 1034 1427; x_wconf 88' lang='lat' dir='ltr'>in</span> <span class='ocrx_word' id='word_1_76' title='bbox 1047 1372 1129 1442; x_wconf 66' lang='lat' dir='ltr'>eila,</span> <span class='ocrx_word' id='word_1_77' title='bbox 1143 1366 1208 1429; x_wconf 81' lang='lat' dir='ltr'>mr.-</span> 
     </span>
     <span class='ocr_line' id='line_1_11' title="bbox 188 1446 1265 1514; baseline -0.004 -14"><span class='ocrx_word' id='word_1_78' title='bbox 188 1451 250 1500; x_wconf 86' lang='lat' dir='ltr'>vita</span> <span class='ocrx_word' id='word_1_79' title='bbox 266 1452 456 1509; x_wconf 77' lang='lat' dir='ltr'>excesserunt]</span> <span class='ocrx_word' id='word_1_80' title='bbox 482 1452 528 1501; x_wconf 83' lang='lat' dir='ltr'>Sic</span> <span class='ocrx_word' id='word_1_81' title='bbox 547 1448 625 1512; x_wconf 81' lang='lat' dir='ltr'>libri:</span> <span class='ocrx_word' id='word_1_82' title='bbox 647 1450 742 1502; x_wconf 78' lang='lat' dir='ltr'>coita</span> <span class='ocrx_word' id='word_1_83' title='bbox 759 1461 823 1504; x_wconf 79' lang='lat' dir='ltr'>emc-</span> <span class='ocrx_word' id='word_1_84' title='bbox 839 1446 1004 1512; x_wconf 78' lang='lat' dir='ltr'>Lambinus,</span> <span class='ocrx_word' id='word_1_85' title='bbox 1024 1459 1105 1497; x_wconf 87' lang='lat' dir='ltr'>nsum</span> <span class='ocrx_word' id='word_1_86' title='bbox 1122 1446 1203 1496; x_wconf 87' lang='lat' dir='ltr'>Cice·</span> <span class='ocrx_word' id='word_1_87' title='bbox 1262 1506 1265 1514; x_wconf 92' lang='lat'><em>.</em></span> 
     </span>
    </p>

    <p class='ocr_par' dir='ltr' id='par_1_5' title="bbox 65 1515 1204 1860">
     <span class='ocr_line' id='line_1_12' title="bbox 152 1515 1132 1584; baseline -0.002 -14"><span class='ocrx_word' id='word_1_88' title='bbox 152 1518 229 1570; x_wconf 75' lang='lat' dir='ltr'>tonis</span> <span class='ocrx_word' id='word_1_89' title='bbox 247 1521 366 1569; x_wconf 85' lang='lat' dir='ltr'>secutus.</span> <span class='ocrx_word' id='word_1_90' title='bbox 399 1520 453 1569; x_wconf 79' lang='lat' dir='ltr'>Sed</span> <span class='ocrx_word' id='word_1_91' title='bbox 469 1515 596 1569; x_wconf 63' lang='lat' dir='ltr'>vl&#39;l&#39;nsc&#39;.</span> <span class='ocrx_word' id='word_1_92' title='bbox 612 1518 644 1584; x_wconf 87' lang='lat' dir='ltr'>l,</span> <span class='ocrx_word' id='word_1_93' title='bbox 661 1521 705 1570; x_wconf 85' lang='grc'><strong>13.</strong></span> <span class='ocrx_word' id='word_1_94' title='bbox 874 1552 879 1561; x_wconf 81' lang='grc'><strong>.</strong></span> <span class='ocrx_word' id='word_1_95' title='bbox 1073 1554 1077 1561; x_wconf 86' lang='grc'><strong>.</strong></span> <span class='ocrx_word' id='word_1_96' title='bbox 1127 1526 1132 1536; x_wconf 89' lang='grc'>’</span> 
     </span>
     <span class='ocr_line' id='line_1_13' title="bbox 187 1583 1204 1649; baseline -0.005 -11"><span class='ocrx_word' id='word_1_97' title='bbox 187 1586 218 1638; x_wconf 81' lang='lat' dir='ltr'>G.</span> <span class='ocrx_word' id='word_1_98' title='bbox 228 1591 274 1642; x_wconf 89' lang='grc'><strong>76.</strong></span> <span class='ocrx_word' id='word_1_99' title='bbox 288 1590 349 1638; x_wconf 92' lang='grc'><strong>263.</strong></span> <span class='ocrx_word' id='word_1_100' title='bbox 382 1585 437 1637; x_wconf 86' lang='lat' dir='ltr'>ism</span> <span class='ocrx_word' id='word_1_101' title='bbox 452 1589 535 1648; x_wconf 84' lang='lat' dir='ltr'>vero]</span> <span class='ocrx_word' id='word_1_102' title='bbox 553 1587 622 1639; x_wconf 82' lang='lat' dir='ltr'>Item</span> <span class='ocrx_word' id='word_1_103' title='bbox 638 1588 681 1637; x_wconf 92' lang='lat' dir='ltr'>ed.</span> <span class='ocrx_word' id='word_1_104' title='bbox 695 1600 737 1649; x_wconf 88' lang='lat' dir='ltr'>pr.</span> <span class='ocrx_word' id='word_1_105' title='bbox 759 1584 846 1637; x_wconf 82' lang='lat' dir='ltr'>immo</span> <span class='ocrx_word' id='word_1_106' title='bbox 859 1583 1204 1637; x_wconf 79' lang='lat' dir='ltr'>ocrc&#39;Lamb.ctWeillcl.</span> 
     </span>
     <span class='ocr_line' id='line_1_14' title="bbox 153 1653 1163 1718; baseline -0.004 -8"><span class='ocrx_word' id='word_1_107' title='bbox 153 1653 226 1711; x_wconf 81' lang='lat' dir='ltr'>illuc</span> <span class='ocrx_word' id='word_1_108' title='bbox 243 1657 362 1707; x_wconf 73' lang='lat' dir='ltr'>defendit</span> <span class='ocrx_word' id='word_1_109' title='bbox 377 1658 465 1708; x_wconf 87' lang='lat' dir='ltr'>lland.</span> <span class='ocrx_word' id='word_1_110' title='bbox 482 1659 600 1709; x_wconf 69' lang='lat' dir='ltr'>Turseli.</span> <span class='ocrx_word' id='word_1_111' title='bbox 616 1657 647 1707; x_wconf 75' lang='lat' dir='ltr'>l.</span> <span class='ocrx_word' id='word_1_112' title='bbox 660 1656 712 1707; x_wconf 90' lang='lat' dir='ltr'>lll.</span> <span class='ocrx_word' id='word_1_113' title='bbox 728 1669 756 1718; x_wconf 80' lang='lat' dir='ltr'>p.</span> <span class='ocrx_word' id='word_1_114' title='bbox 769 1658 830 1706; x_wconf 84' lang='grc'><strong>139.</strong></span> <span class='ocrx_word' id='word_1_115' title='bbox 1158 1674 1163 1700; x_wconf 79' lang='lat' dir='ltr'>t</span> 
     </span>
     <span class='ocr_line' id='line_1_15' title="bbox 65 1718 1203 1791; baseline -0.003 -17"><span class='ocrx_word' id='word_1_116' title='bbox 65 1718 68 1730; x_wconf 78' lang='lat'><strong>¹</strong></span> <span class='ocrx_word' id='word_1_117' title='bbox 188 1736 258 1787; x_wconf 87' lang='lat' dir='ltr'>quse</span> <span class='ocrx_word' id='word_1_118' title='bbox 288 1726 355 1785; x_wconf 81' lang='lat' dir='ltr'>etsi]</span> <span class='ocrx_word' id='word_1_119' title='bbox 385 1727 431 1778; x_wconf 77' lang='lat' dir='ltr'>sio</span> <span class='ocrx_word' id='word_1_120' title='bbox 454 1727 496 1779; x_wconf 79' lang='lat' dir='ltr'>ed</span> <span class='ocrx_word' id='word_1_121' title='bbox 516 1738 557 1790; x_wconf 87' lang='lat' dir='ltr'>pr.</span> <span class='ocrx_word' id='word_1_122' title='bbox 587 1738 650 1782; x_wconf 83' lang='lat' dir='ltr'>aum</span> <span class='ocrx_word' id='word_1_123' title='bbox 676 1724 748 1778; x_wconf 83' lang='lat' dir='ltr'>libro</span> <span class='ocrx_word' id='word_1_124' title='bbox 767 1721 858 1787; x_wconf 73' lang='lat' dir='ltr'>nied,</span> <span class='ocrx_word' id='word_1_125' title='bbox 887 1723 957 1788; x_wconf 78' lang='lat' dir='ltr'>qood</span> <span class='ocrx_word' id='word_1_126' title='bbox 977 1719 1203 1791; x_wconf 60' lang='lat' dir='ltr'>optaratltsmb.</span> 
     </span>
     <span class='ocr_line' id='line_1_16' title="bbox 153 1794 1167 1860; baseline 0.004 -15"><span class='ocrx_word' id='word_1_127' title='bbox 153 1794 270 1859; x_wconf 72' lang='lat' dir='ltr'>quaest</span> <span class='ocrx_word' id='word_1_128' title='bbox 287 1795 364 1860; x_wconf 80' lang='lat' dir='ltr'>vulg·</span> <span class='ocrx_word' id='word_1_129' title='bbox 1071 1796 1096 1839; x_wconf 82' lang='lat'>·&#39;</span> <span class='ocrx_word' id='word_1_130' title='bbox 1124 1806 1167 1839; x_wconf 77' lang='lat' dir='ltr'>„t</span> 
     </span>
    </p>
   </div>
   <div class='ocr_carea' id='block_1_5' title="bbox 80 1959 1280 3407">
    <p class='ocr_par' dir='ltr' id='par_1_6' title="bbox 118 1959 1280 2359">
     <span class='ocr_line' id='line_1_17' title="bbox 119 1959 1205 2039; baseline 0 -20"><span class='ocrx_word' id='word_1_131' title='bbox 119 1964 175 2016; x_wconf 79' lang='lat' dir='ltr'>uis.</span> <span class='ocrx_word' id='word_1_132' title='bbox 209 1965 355 2039; x_wconf 74' lang='lat' dir='ltr'>[composa</span> <span class='ocrx_word' id='word_1_133' title='bbox 373 1968 516 2021; x_wconf 78' lang='lat' dir='ltr'>formulam</span> <span class='ocrx_word' id='word_1_134' title='bbox 534 1965 641 2032; x_wconf 83' lang='lat' dir='ltr'>Diony·</span> <span class='ocrx_word' id='word_1_135' title='bbox 681 1961 825 2029; x_wconf 83' lang='lat' dir='ltr'>Pompeius</span> <span class='ocrx_word' id='word_1_136' title='bbox 843 1962 966 2017; x_wconf 79' lang='lat' dir='ltr'>coniecto</span> <span class='ocrx_word' id='word_1_137' title='bbox 978 1963 1051 2015; x_wconf 90' lang='lat' dir='ltr'>bello</span> <span class='ocrx_word' id='word_1_138' title='bbox 1062 1959 1205 2020; x_wconf 73' lang='lat' dir='ltr'>mitonds«.</span> 
     </span>
     <span class='ocr_line' id='line_1_18' title="bbox 120 2030 1204 2102; baseline -0.003 -18"><span class='ocrx_word' id='word_1_139' title='bbox 120 2035 174 2102; x_wconf 84' lang='lat' dir='ltr'>sii,</span> <span class='ocrx_word' id='word_1_140' title='bbox 197 2038 274 2087; x_wconf 87' lang='lat' dir='ltr'>cuius</span> <span class='ocrx_word' id='word_1_141' title='bbox 292 2039 374 2090; x_wconf 83' lang='lat' dir='ltr'>etiarn</span> <span class='ocrx_word' id='word_1_142' title='bbox 391 2039 533 2091; x_wconf 85' lang='lat' dir='ltr'>Victorius</span> <span class='ocrx_word' id='word_1_143' title='bbox 551 2038 589 2091; x_wconf 81' lang='lat' dir='ltr'>V.</span> <span class='ocrx_word' id='word_1_144' title='bbox 605 2036 639 2089; x_wconf 79' lang='grc' dir='ltr'>Ιι.</span> <span class='ocrx_word' id='word_1_145' title='bbox 681 2034 736 2087; x_wconf 83' lang='lat' dir='ltr'>tiso</span> <span class='ocrx_word' id='word_1_146' title='bbox 749 2035 851 2087; x_wconf 69' lang='lat' dir='ltr'>aasz.</span> <span class='ocrx_word' id='word_1_147' title='bbox 865 2033 1029 2086; x_wconf 86' lang='lat' dir='ltr'>illiosndiit.</span> <span class='ocrx_word' id='word_1_148' title='bbox 1059 2030 1204 2095; x_wconf 65' lang='lat' dir='ltr'>liunsigss</span> 
     </span>
     <span class='ocr_line' id='line_1_19' title="bbox 118 2096 1280 2177; baseline -0.004 -21"><span class='ocrx_word' id='word_1_149' title='bbox 118 2103 171 2168; x_wconf 85' lang='lat' dir='ltr'>IX,</span> <span class='ocrx_word' id='word_1_150' title='bbox 189 2104 215 2156; x_wconf 79' lang='lat'>5.</span> <span class='ocrx_word' id='word_1_151' title='bbox 233 2109 377 2175; x_wconf 79' lang='lat' dir='ltr'>admonuit,</span> <span class='ocrx_word' id='word_1_152' title='bbox 392 2104 520 2168; x_wconf 76' lang='grc' dir='ltr'>κτενίζων</span> <span class='ocrx_word' id='word_1_153' title='bbox 532 2109 579 2158; x_wconf 78' lang='lat' dir='ltr'>stul</span> <span class='ocrx_word' id='word_1_154' title='bbox 589 2107 641 2174; x_wconf 77' lang='grc' dir='ltr'>βο·</span> <span class='ocrx_word' id='word_1_155' title='bbox 681 2109 726 2156; x_wconf 81' lang='lat' dir='ltr'>tur</span> <span class='ocrx_word' id='word_1_156' title='bbox 737 2103 850 2168; x_wconf 75' lang='lat' dir='ltr'>triginta</span> <span class='ocrx_word' id='word_1_157' title='bbox 861 2112 935 2154; x_wconf 82' lang='lat' dir='ltr'>certo</span> <span class='ocrx_word' id='word_1_158' title='bbox 948 2103 1027 2155; x_wconf 89' lang='lat' dir='ltr'>annis</span> <span class='ocrx_word' id='word_1_159' title='bbox 1035 2110 1109 2168; x_wconf 84' lang='lat' dir='ltr'>ante,</span> <span class='ocrx_word' id='word_1_160' title='bbox 1123 2096 1205 2177; x_wconf 62' lang='lat' dir='ltr'>quasti</span> <span class='ocrx_word' id='word_1_161' title='bbox 1276 2120 1280 2134; x_wconf 75' lang='lat'>=</span> 
     </span>
     <span class='ocr_line' id='line_1_20' title="bbox 119 2170 1205 2253; baseline -0.002 -30"><span class='ocrx_word' id='word_1_162' title='bbox 119 2171 280 2242; x_wconf 72' lang='grc' dir='ltr'><strong><em>στρυχίζων,</em></strong></span> <span class='ocrx_word' id='word_1_163' title='bbox 309 2189 394 2242; x_wconf 84' lang='lat' dir='ltr'>supro</span> <span class='ocrx_word' id='word_1_164' title='bbox 413 2178 546 2242; x_wconf 77' lang='lat' dir='ltr'>prolatam</span> <span class='ocrx_word' id='word_1_165' title='bbox 563 2175 594 2226; x_wconf 90' lang='lat' dir='ltr'>iu</span> <span class='ocrx_word' id='word_1_166' title='bbox 614 2187 640 2224; x_wconf 91' lang='lat' dir='ltr'>c.</span> <span class='ocrx_word' id='word_1_167' title='bbox 681 2171 825 2235; x_wconf 88' lang='lat' dir='ltr'>Pompeius</span> <span class='ocrx_word' id='word_1_168' title='bbox 839 2184 900 2224; x_wconf 87' lang='lat' dir='ltr'>cnm</span> <span class='ocrx_word' id='word_1_169' title='bbox 921 2171 1021 2237; x_wconf 84' lang='lat' dir='ltr'>audiit,</span> <span class='ocrx_word' id='word_1_170' title='bbox 1041 2170 1205 2253; x_wconf 58' lang='lat' dir='ltr'>rhetoricati}</span> 
     </span>
     <span class='ocr_line' id='line_1_21' title="bbox 119 2236 1237 2359; baseline -0.006 -65"><span class='ocrx_word' id='word_1_171' title='bbox 119 2243 171 2306; x_wconf 87' lang='lat'>20,</span> <span class='ocrx_word' id='word_1_172' title='bbox 187 2244 247 2303; x_wconf 88' lang='grc'><strong>78.]</strong></span> <span class='ocrx_word' id='word_1_173' title='bbox 681 2241 822 2306; x_wconf 85' lang='lat' dir='ltr'>docuisse,</span> <span class='ocrx_word' id='word_1_174' title='bbox 854 2240 995 2292; x_wconf 83' lang='lat' dir='ltr'>clintonus</span> <span class='ocrx_word' id='word_1_175' title='bbox 1011 2241 1042 2291; x_wconf 90' lang='lat' dir='ltr'>in</span> <span class='ocrx_word' id='word_1_176' title='bbox 1060 2236 1209 2359; x_wconf 43' lang='lat' dir='ltr'>Fastis&amp;</span> <span class='ocrx_word' id='word_1_177' title='bbox 1235 2303 1237 2306; x_wconf 7' lang='grc' dir='ltr'><em>Α</em></span> 
     </span>
    </p>

    <p class='ocr_par' dir='ltr' id='par_1_7' title="bbox 80 2306 1262 3407">
     <span class='ocr_line' id='line_1_22' title="bbox 170 2306 1191 2372; baseline -0.004 -12"><span class='ocrx_word' id='word_1_178' title='bbox 170 2324 239 2372; x_wconf 88' lang='lat' dir='ltr'>pura</span> <span class='ocrx_word' id='word_1_179' title='bbox 266 2317 294 2359; x_wconf 87' lang='lat' dir='ltr'>et</span> <span class='ocrx_word' id='word_1_180' title='bbox 323 2308 439 2371; x_wconf 84' lang='lat' dir='ltr'>illustri]</span> <span class='ocrx_word' id='word_1_181' title='bbox 480 2308 641 2364; x_wconf 84' lang='lat' dir='ltr'>Wetzelins</span> <span class='ocrx_word' id='word_1_182' title='bbox 681 2306 742 2360; x_wconf 79' lang='lat' dir='ltr'>sto.</span> <span class='ocrx_word' id='word_1_183' title='bbox 757 2307 895 2371; x_wconf 88' lang='lat' dir='ltr'>opinatur:</span> <span class='ocrx_word' id='word_1_184' title='bbox 913 2308 1191 2371; x_wconf 53' lang='lat' dir='ltr'>anteMolon&#39;emebl,</span> 
     </span>
     <span class='ocr_line' id='line_1_23' title="bbox 119 2376 1205 2440; baseline -0.005 -13"><span class='ocrx_word' id='word_1_185' title='bbox 119 2378 188 2428; x_wconf 89' lang='lat' dir='ltr'>baec</span> <span class='ocrx_word' id='word_1_186' title='bbox 202 2379 338 2429; x_wconf 85' lang='lat' dir='ltr'>adiectivo</span> <span class='ocrx_word' id='word_1_187' title='bbox 349 2379 462 2440; x_wconf 84' lang='lat' dir='ltr'>iungens</span> <span class='ocrx_word' id='word_1_188' title='bbox 475 2391 535 2428; x_wconf 88' lang='lat' dir='ltr'>cum</span> <span class='ocrx_word' id='word_1_189' title='bbox 549 2377 641 2427; x_wconf 75' lang='lat' dir='ltr'>bisto-</span> <span class='ocrx_word' id='word_1_190' title='bbox 680 2377 710 2427; x_wconf 90' lang='lat' dir='ltr'>id</span> <span class='ocrx_word' id='word_1_191' title='bbox 721 2376 864 2426; x_wconf 73' lang='lat' dir='ltr'>factitasse</span> <span class='ocrx_word' id='word_1_192' title='bbox 878 2385 994 2430; x_wconf 87' lang='lat' dir='ltr'>constat.</span> <span class='ocrx_word' id='word_1_193' title='bbox 1013 2376 1205 2438; x_wconf 58' lang='lat' dir='ltr'>scripsitmoh</span> 
     </span>
     <span class='ocr_line' id='line_1_24' title="bbox 119 2443 1205 2511; baseline -0.001 -15"><span class='ocrx_word' id='word_1_194' title='bbox 119 2446 170 2496; x_wconf 81' lang='lat' dir='ltr'>ria</span> <span class='ocrx_word' id='word_1_195' title='bbox 182 2446 222 2495; x_wconf 87' lang='lat' dir='ltr'>sic</span> <span class='ocrx_word' id='word_1_196' title='bbox 235 2445 367 2506; x_wconf 87' lang='lat' dir='ltr'>explicat:</span> <span class='ocrx_word' id='word_1_197' title='bbox 386 2445 641 2496; x_wconf 83' lang='lat' dir='ltr'>nilrilestinhisto·</span> <span class='ocrx_word' id='word_1_198' title='bbox 681 2452 726 2495; x_wconf 87' lang='lat' dir='ltr'>tos</span> <span class='ocrx_word' id='word_1_199' title='bbox 742 2443 827 2493; x_wconf 88' lang='lat' dir='ltr'>libros</span> <span class='ocrx_word' id='word_1_200' title='bbox 847 2446 882 2493; x_wconf 90' lang='lat' dir='ltr'>de</span> <span class='ocrx_word' id='word_1_201' title='bbox 904 2446 1055 2511; x_wconf 84' lang='lat' dir='ltr'>rhetorica,</span> <span class='ocrx_word' id='word_1_202' title='bbox 1089 2458 1122 2496; x_wconf 86' lang='lat' dir='ltr'>ac</span> <span class='ocrx_word' id='word_1_203' title='bbox 1144 2448 1205 2495; x_wconf 61' lang='lat' dir='ltr'>niass</span> 
     </span>
     <span class='ocr_line' id='line_1_25' title="bbox 119 2511 1205 2578; baseline -0.004 -12"><span class='ocrx_word' id='word_1_204' title='bbox 119 2514 163 2567; x_wconf 85' lang='lat' dir='ltr'>ria</span> <span class='ocrx_word' id='word_1_205' title='bbox 176 2527 243 2577; x_wconf 87' lang='lat' dir='ltr'>pure</span> <span class='ocrx_word' id='word_1_206' title='bbox 256 2521 284 2562; x_wconf 90' lang='lat' dir='ltr'>et</span> <span class='ocrx_word' id='word_1_207' title='bbox 294 2514 410 2564; x_wconf 84' lang='lat' dir='ltr'>dilucido</span> <span class='ocrx_word' id='word_1_208' title='bbox 420 2514 642 2578; x_wconf 83' lang='lat' dir='ltr'>conscriptudnl-</span> <span class='ocrx_word' id='word_1_209' title='bbox 682 2524 763 2578; x_wconf 78' lang='lat' dir='ltr'>gnum</span> <span class='ocrx_word' id='word_1_210' title='bbox 781 2511 834 2561; x_wconf 85' lang='lat' dir='ltr'>sibi</span> <span class='ocrx_word' id='word_1_211' title='bbox 852 2512 953 2564; x_wconf 81' lang='lat' dir='ltr'>lamam</span> <span class='ocrx_word' id='word_1_212' title='bbox 968 2514 1124 2564; x_wconf 84' lang='lat' dir='ltr'>oeconomio</span> <span class='ocrx_word' id='word_1_213' title='bbox 1136 2523 1205 2577; x_wconf 66' lang='lat' dir='ltr'>qun</span> 
     </span>
     <span class='ocr_line' id='line_1_26' title="bbox 120 2574 1206 2648; baseline -0.003 -16"><span class='ocrx_word' id='word_1_214' title='bbox 120 2583 179 2632; x_wconf 86' lang='lat' dir='ltr'>cius</span> <span class='ocrx_word' id='word_1_215' title='bbox 192 2583 334 2633; x_wconf 86' lang='lat' dir='ltr'>brevitate.</span> <span class='ocrx_word' id='word_1_216' title='bbox 351 2584 404 2634; x_wconf 82' lang='lat' dir='ltr'>Sed</span> <span class='ocrx_word' id='word_1_217' title='bbox 416 2583 587 2648; x_wconf 82' lang='lat' dir='ltr'>praegressis</span> <span class='ocrx_word' id='word_1_218' title='bbox 596 2581 641 2633; x_wconf 89' lang='lat' dir='ltr'>ni-</span> <span class='ocrx_word' id='word_1_219' title='bbox 682 2585 744 2635; x_wconf 92' lang='lat' dir='ltr'>dam</span> <span class='ocrx_word' id='word_1_220' title='bbox 761 2581 852 2643; x_wconf 85' lang='lat' dir='ltr'>topica</span> <span class='ocrx_word' id='word_1_221' title='bbox 872 2581 935 2631; x_wconf 87' lang='lat' dir='ltr'>sive</span> <span class='ocrx_word' id='word_1_222' title='bbox 952 2582 1105 2644; x_wconf 86' lang='lat' dir='ltr'>praeceptis</span> <span class='ocrx_word' id='word_1_223' title='bbox 1124 2574 1206 2630; x_wconf 64' lang='lat' dir='ltr'>inis!</span> 
     </span>
     <span class='ocr_line' id='line_1_27' title="bbox 118 2650 1262 2716; baseline -0.005 -14"><span class='ocrx_word' id='word_1_224' title='bbox 118 2652 158 2702; x_wconf 89' lang='lat' dir='ltr'>hil</span> <span class='ocrx_word' id='word_1_225' title='bbox 172 2651 243 2701; x_wconf 89' lang='lat' dir='ltr'>inest</span> <span class='ocrx_word' id='word_1_226' title='bbox 254 2653 324 2716; x_wconf 83' lang='lat' dir='ltr'>quod</span> <span class='ocrx_word' id='word_1_227' title='bbox 336 2653 371 2703; x_wconf 88' lang='lat' dir='ltr'>ad</span> <span class='ocrx_word' id='word_1_228' title='bbox 383 2654 468 2704; x_wconf 84' lang='lat' dir='ltr'>solam</span> <span class='ocrx_word' id='word_1_229' title='bbox 481 2651 641 2704; x_wconf 82' lang='lat' dir='ltr'>brevitatem</span> <span class='ocrx_word' id='word_1_230' title='bbox 681 2650 772 2704; x_wconf 89' lang='lat' dir='ltr'>nisndi</span> <span class='ocrx_word' id='word_1_231' title='bbox 797 2650 1021 2716; x_wconf 74' lang='lat' dir='ltr'>dispensandique</span> <span class='ocrx_word' id='word_1_232' title='bbox 1050 2661 1152 2703; x_wconf 83' lang='lat' dir='ltr'>causus</span> <span class='ocrx_word' id='word_1_233' title='bbox 1176 2652 1206 2697; x_wconf 84' lang='lat' dir='ltr'>et</span> <span class='ocrx_word' id='word_1_234' title='bbox 1260 2669 1262 2674; x_wconf 95' lang='lat'><em>·</em></span> 
     </span>
     <span class='ocr_line' id='line_1_28' title="bbox 118 2714 1221 2786; baseline -0.006 -11"><span class='ocrx_word' id='word_1_235' title='bbox 118 2721 220 2775; x_wconf 83' lang='lat' dir='ltr'>referri</span> <span class='ocrx_word' id='word_1_236' title='bbox 233 2721 328 2784; x_wconf 82' lang='lat' dir='ltr'>possit.</span> <span class='ocrx_word' id='word_1_237' title='bbox 363 2721 446 2772; x_wconf 90' lang='lat' dir='ltr'>lrnmo</span> <span class='ocrx_word' id='word_1_238' title='bbox 464 2735 514 2786; x_wconf 87' lang='lat' dir='ltr'>pur</span> <span class='ocrx_word' id='word_1_239' title='bbox 534 2731 578 2772; x_wconf 88' lang='lat' dir='ltr'>est</span> <span class='ocrx_word' id='word_1_240' title='bbox 591 2734 641 2772; x_wconf 85' lang='lat' dir='ltr'>co-</span> <span class='ocrx_word' id='word_1_241' title='bbox 681 2724 775 2771; x_wconf 85' lang='lat' dir='ltr'>theses</span> <span class='ocrx_word' id='word_1_242' title='bbox 793 2721 968 2783; x_wconf 85' lang='lat' dir='ltr'>comparavit</span> <span class='ocrx_word' id='word_1_243' title='bbox 999 2721 1035 2770; x_wconf 78' lang='lat' dir='ltr'>V.</span> <span class='ocrx_word' id='word_1_244' title='bbox 1056 2721 1156 2772; x_wconf 76' lang='lat' dir='ltr'>uuicos</span> <span class='ocrx_word' id='word_1_245' title='bbox 1173 2714 1221 2768; x_wconf 64' lang='lat' dir='ltr'>vi*</span> 
     </span>
     <span class='ocr_line' id='line_1_29' title="bbox 118 2783 1205 2860; baseline 0.008 -21"><span class='ocrx_word' id='word_1_246' title='bbox 118 2789 208 2853; x_wconf 79' lang='lat' dir='ltr'>pulcri</span> <span class='ocrx_word' id='word_1_247' title='bbox 221 2802 300 2854; x_wconf 78' lang='lat' dir='ltr'>pura</span> <span class='ocrx_word' id='word_1_248' title='bbox 313 2791 468 2842; x_wconf 75' lang='lat' dir='ltr'>siluestri</span> <span class='ocrx_word' id='word_1_249' title='bbox 487 2792 639 2844; x_wconf 75' lang='lat' dir='ltr'>breuitate.</span> <span class='ocrx_word' id='word_1_250' title='bbox 679 2783 858 2860; x_wconf 61' lang='grc' dir='ltr'><em>Ἑρμαγόρας,</em></span> <span class='ocrx_word' id='word_1_251' title='bbox 873 2789 1205 2848; x_wconf 70' lang='lat' dir='ltr'>Weflterm·fli³t·lil⁰l1¹·</span> 
     </span>
     <span class='ocr_line' id='line_1_30' title="bbox 117 2856 1206 2929; baseline -0.001 -17"><span class='ocrx_word' id='word_1_252' title='bbox 117 2861 201 2912; x_wconf 79' lang='lat' dir='ltr'>Poro</span> <span class='ocrx_word' id='word_1_253' title='bbox 210 2859 336 2911; x_wconf 79' lang='lat' dir='ltr'>brevitas</span> <span class='ocrx_word' id='word_1_254' title='bbox 346 2861 444 2912; x_wconf 84' lang='lat' dir='ltr'>dicitur</span> <span class='ocrx_word' id='word_1_255' title='bbox 454 2861 557 2929; x_wconf 74' lang='lat' dir='ltr'>notive,</span> <span class='ocrx_word' id='word_1_256' title='bbox 569 2873 640 2927; x_wconf 85' lang='lat' dir='ltr'>quae</span> <span class='ocrx_word' id='word_1_257' title='bbox 683 2859 731 2911; x_wconf 76' lang='lat' dir='ltr'>Gr.</span> <span class='ocrx_word' id='word_1_258' title='bbox 750 2873 776 2921; x_wconf 87' lang='lat' dir='ltr'>p.</span> <span class='ocrx_word' id='word_1_259' title='bbox 789 2856 850 2912; x_wconf 86' lang='grc'><strong>183.</strong></span> <span class='ocrx_word' id='word_1_260' title='bbox 879 2859 978 2912; x_wconf 86' lang='lat' dir='ltr'>Bernlt.</span> <span class='ocrx_word' id='word_1_261' title='bbox 995 2858 1111 2913; x_wconf 75' lang='lat' dir='ltr'>Gricod.</span> <span class='ocrx_word' id='word_1_262' title='bbox 1130 2858 1206 2911; x_wconf 63' lang='lat' dir='ltr'>Isti·-</span> 
     </span>
     <span class='ocr_line' id='line_1_31' title="bbox 118 2922 1203 2995; baseline -0.001 -15"><span class='ocrx_word' id='word_1_263' title='bbox 118 2941 206 2991; x_wconf 87' lang='lat' dir='ltr'>ueque</span> <span class='ocrx_word' id='word_1_264' title='bbox 224 2939 460 2985; x_wconf 84' lang='lat' dir='ltr'>vanumornutum</span> <span class='ocrx_word' id='word_1_265' title='bbox 471 2944 557 2995; x_wconf 88' lang='lat' dir='ltr'>neque</span> <span class='ocrx_word' id='word_1_266' title='bbox 572 2944 641 2982; x_wconf 87' lang='lat' dir='ltr'>acu-</span> <span class='ocrx_word' id='word_1_267' title='bbox 682 2943 709 2994; x_wconf 87' lang='lat' dir='ltr'>p.</span> <span class='ocrx_word' id='word_1_268' title='bbox 723 2922 786 2979; x_wconf 76' lang='lat' dir='ltr'>loa.</span> <span class='ocrx_word' id='word_1_269' title='bbox 1199 2942 1203 2949; x_wconf 92' lang='lat'>·</span> 
     </span>
     <span class='ocr_line' id='line_1_32' title="bbox 118 2996 1205 3065; baseline 0 -16"><span class='ocrx_word' id='word_1_270' title='bbox 118 2997 192 3049; x_wconf 79' lang='lat' dir='ltr'>mina</span> <span class='ocrx_word' id='word_1_271' title='bbox 212 3005 319 3065; x_wconf 84' lang='lat' dir='ltr'>captat,</span> <span class='ocrx_word' id='word_1_272' title='bbox 343 3000 392 3048; x_wconf 88' lang='lat' dir='ltr'>sed</span> <span class='ocrx_word' id='word_1_273' title='bbox 411 3012 471 3048; x_wconf 88' lang='lat' dir='ltr'>cum</span> <span class='ocrx_word' id='word_1_274' title='bbox 491 3001 595 3052; x_wconf 86' lang='lat' dir='ltr'>ratione</span> <span class='ocrx_word' id='word_1_275' title='bbox 612 3008 640 3052; x_wconf 90' lang='lat' dir='ltr'>et</span> <span class='ocrx_word' id='word_1_276' title='bbox 734 2999 907 3060; x_wconf 77' lang='lat' dir='ltr'>apparatum]</span> <span class='ocrx_word' id='word_1_277' title='bbox 956 2996 1027 3050; x_wconf 83' lang='lat' dir='ltr'>Nom</span> <span class='ocrx_word' id='word_1_278' title='bbox 1058 3006 1205 3065; x_wconf 71' lang='lat' dir='ltr'>praesopus</span> 
     </span>
     <span class='ocr_line' id='line_1_33' title="bbox 118 3066 1205 3134; baseline 0.002 -16"><span class='ocrx_word' id='word_1_279' title='bbox 118 3074 184 3128; x_wconf 84' lang='lat' dir='ltr'>apta</span> <span class='ocrx_word' id='word_1_280' title='bbox 197 3066 369 3130; x_wconf 82' lang='lat' dir='ltr'>simplicitate</span> <span class='ocrx_word' id='word_1_281' title='bbox 383 3075 515 3120; x_wconf 81' lang='lat' dir='ltr'>tractatur</span> <span class='ocrx_word' id='word_1_282' title='bbox 530 3070 574 3128; x_wconf 82' lang='lat' dir='ltr'>(v.</span> <span class='ocrx_word' id='word_1_283' title='bbox 586 3070 641 3120; x_wconf 81' lang='lat' dir='ltr'>llr·</span> <span class='ocrx_word' id='word_1_284' title='bbox 682 3067 876 3134; x_wconf 76' lang='lat' dir='ltr'>Hermagorae,</span> <span class='ocrx_word' id='word_1_285' title='bbox 892 3067 1026 3130; x_wconf 77' lang='lat' dir='ltr'>neglectis</span> <span class='ocrx_word' id='word_1_286' title='bbox 1038 3066 1075 3117; x_wconf 89' lang='lat' dir='ltr'>ils</span> <span class='ocrx_word' id='word_1_287' title='bbox 1086 3082 1156 3132; x_wconf 83' lang='lat' dir='ltr'>quas</span> <span class='ocrx_word' id='word_1_288' title='bbox 1169 3072 1205 3122; x_wconf 86' lang='lat' dir='ltr'>ud</span> 
     </span>
     <span class='ocr_line' id='line_1_34' title="bbox 80 3135 1205 3205; baseline 0.004 -19"><span class='ocrx_word' id='word_1_289' title='bbox 80 3171 83 3175; x_wconf 84' lang='lat'><em>-</em></span> <span class='ocrx_word' id='word_1_290' title='bbox 118 3135 200 3186; x_wconf 86' lang='lat' dir='ltr'>nestii</span> <span class='ocrx_word' id='word_1_291' title='bbox 215 3138 281 3205; x_wconf 68' lang='lat' dir='ltr'>Lern</span> <span class='ocrx_word' id='word_1_292' title='bbox 296 3140 435 3188; x_wconf 77' lang='lat' dir='ltr'>Technv.</span> <span class='ocrx_word' id='word_1_293' title='bbox 452 3143 578 3202; x_wconf 60' lang='lat' dir='ltr'>purum</span> <span class='ocrx_word' id='word_1_294' title='bbox 600 3137 640 3188; x_wconf 80' lang='lat' dir='ltr'>tt·</span> <span class='ocrx_word' id='word_1_295' title='bbox 682 3136 811 3188; x_wconf 84' lang='lat' dir='ltr'>orationis</span> <span class='ocrx_word' id='word_1_296' title='bbox 833 3142 956 3186; x_wconf 89' lang='lat' dir='ltr'>ornatum</span> <span class='ocrx_word' id='word_1_297' title='bbox 976 3143 1005 3186; x_wconf 89' lang='lat' dir='ltr'>et</span> <span class='ocrx_word' id='word_1_298' title='bbox 1022 3137 1126 3200; x_wconf 86' lang='lat' dir='ltr'>copiam</span> <span class='ocrx_word' id='word_1_299' title='bbox 1139 3152 1205 3190; x_wconf 82' lang='lat' dir='ltr'>vcr-</span> 
     </span>
     <span class='ocr_line' id='line_1_35' title="bbox 117 3204 1206 3273; baseline 0.005 -19"><span class='ocrx_word' id='word_1_300' title='bbox 117 3204 222 3254; x_wconf 75' lang='lat' dir='ltr'>sostris</span> <span class='ocrx_word' id='word_1_301' title='bbox 244 3214 333 3256; x_wconf 87' lang='lat' dir='ltr'>autem</span> <span class='ocrx_word' id='word_1_302' title='bbox 364 3207 486 3258; x_wconf 84' lang='lat' dir='ltr'>brevitas</span> <span class='ocrx_word' id='word_1_303' title='bbox 519 3208 641 3273; x_wconf 86' lang='lat' dir='ltr'>(qualem</span> <span class='ocrx_word' id='word_1_304' title='bbox 681 3206 777 3256; x_wconf 85' lang='lat' dir='ltr'>bonnm</span> <span class='ocrx_word' id='word_1_305' title='bbox 796 3211 967 3272; x_wconf 81' lang='lat' dir='ltr'>spectarent,</span> <span class='ocrx_word' id='word_1_306' title='bbox 989 3206 1206 3259; x_wconf 74' lang='lat' dir='ltr'>ordiusmetdl-</span> 
     </span>
     <span class='ocr_line' id='line_1_36' title="bbox 118 3273 1205 3345; baseline 0.006 -22"><span class='ocrx_word' id='word_1_307' title='bbox 118 3273 266 3325; x_wconf 83' lang='lat' dir='ltr'>Sallustius</span> <span class='ocrx_word' id='word_1_308' title='bbox 287 3283 315 3324; x_wconf 91' lang='lat' dir='ltr'>et</span> <span class='ocrx_word' id='word_1_309' title='bbox 339 3275 448 3327; x_wconf 81' lang='lat' dir='ltr'>l&#39;soitus</span> <span class='ocrx_word' id='word_1_310' title='bbox 476 3279 640 3345; x_wconf 85' lang='lat' dir='ltr'>sectantur),</span> <span class='ocrx_word' id='word_1_311' title='bbox 681 3275 801 3327; x_wconf 86' lang='lat' dir='ltr'>lucidam</span> <span class='ocrx_word' id='word_1_312' title='bbox 813 3286 903 3324; x_wconf 85' lang='lat' dir='ltr'>rerum</span> <span class='ocrx_word' id='word_1_313' title='bbox 915 3274 1120 3328; x_wconf 79' lang='lat' dir='ltr'>collocationem</span> <span class='ocrx_word' id='word_1_314' title='bbox 1134 3276 1205 3329; x_wconf 78' lang='grc' dir='ltr'>ιίο-</span> 
     </span>
     <span class='ocr_line' id='line_1_37' title="bbox 118 3343 1207 3407; baseline 0.006 -15"><span class='ocrx_word' id='word_1_315' title='bbox 118 3355 154 3394; x_wconf 82' lang='lat' dir='ltr'>es</span> <span class='ocrx_word' id='word_1_316' title='bbox 166 3355 235 3406; x_wconf 87' lang='lat' dir='ltr'>quae</span> <span class='ocrx_word' id='word_1_317' title='bbox 248 3344 391 3394; x_wconf 87' lang='lat' dir='ltr'>luminibus</span> <span class='ocrx_word' id='word_1_318' title='bbox 401 3345 507 3396; x_wconf 86' lang='lat' dir='ltr'>dicendi</span> <span class='ocrx_word' id='word_1_319' title='bbox 517 3344 641 3397; x_wconf 76' lang='lat' dir='ltr'>rameta-</span> <span class='ocrx_word' id='word_1_320' title='bbox 681 3345 794 3407; x_wconf 85' lang='lat' dir='ltr'>rebant,</span> <span class='ocrx_word' id='word_1_321' title='bbox 818 3356 880 3393; x_wconf 87' lang='lat' dir='ltr'>cnm</span> <span class='ocrx_word' id='word_1_322' title='bbox 898 3343 933 3395; x_wconf 92' lang='lat' dir='ltr'>ad</span> <span class='ocrx_word' id='word_1_323' title='bbox 953 3343 1029 3394; x_wconf 88' lang='lat' dir='ltr'>locos</span> <span class='ocrx_word' id='word_1_324' title='bbox 1043 3344 1207 3399; x_wconf 78' lang='lat' dir='ltr'>inveniendo</span> 
     </span>
    </p>
   </div>
   <div class='ocr_carea' id='block_1_6' title="bbox 120 3412 1287 3488">
    <p class='ocr_par' dir='ltr' id='par_1_8' title="bbox 120 3412 1287 3488">
     <span class='ocr_line' id='line_1_38' title="bbox 120 3412 1287 3488; baseline 0.007 -28"><span class='ocrx_word' id='word_1_325' title='bbox 120 3419 174 3461; x_wconf 87' lang='lat' dir='ltr'>tem</span> <span class='ocrx_word' id='word_1_326' title='bbox 193 3425 283 3461; x_wconf 87' lang='lat' dir='ltr'>rerum</span> <span class='ocrx_word' id='word_1_327' title='bbox 302 3419 331 3461; x_wconf 89' lang='lat' dir='ltr'>et</span> <span class='ocrx_word' id='word_1_328' title='bbox 351 3414 495 3465; x_wconf 82' lang='lat' dir='ltr'>affectuum</span> <span class='ocrx_word' id='word_1_329' title='bbox 517 3421 639 3466; x_wconf 85' lang='lat' dir='ltr'>exornat.</span> <span class='ocrx_word' id='word_1_330' title='bbox 681 3413 898 3475; x_wconf 85' lang='lat' dir='ltr'>disponendoque</span> <span class='ocrx_word' id='word_1_331' title='bbox 912 3419 990 3477; x_wconf 81' lang='lat' dir='ltr'>aptos</span> <span class='ocrx_word' id='word_1_332' title='bbox 1002 3412 1207 3478; x_wconf 77' lang='lat' dir='ltr'>ringolnopsr-</span> <span class='ocrx_word' id='word_1_333' title='bbox 1280 3470 1287 3488; x_wconf 30' lang='lat'>2</span> 
     </span>
    </p>
   </div>
   <div class='ocr_carea' id='block_1_7' title="bbox 118 3481 1207 3543">
    <p class='ocr_par' dir='ltr' id='par_1_9' title="bbox 118 3481 1207 3543">
     <span class='ocr_line' id='line_1_39' title="bbox 118 3481 1207 3543; baseline 0.003 -12"><span class='ocrx_word' id='word_1_334' title='bbox 118 3482 176 3531; x_wconf 82' lang='lat' dir='ltr'>Nos</span> <span class='ocrx_word' id='word_1_335' title='bbox 190 3481 271 3543; x_wconf 83' lang='lat' dir='ltr'>paulo</span> <span class='ocrx_word' id='word_1_336' title='bbox 283 3481 380 3532; x_wconf 85' lang='lat' dir='ltr'>latius:</span> <span class='ocrx_word' id='word_1_337' title='bbox 398 3485 461 3535; x_wconf 79' lang='lat' dir='ltr'>eine</span> <span class='ocrx_word' id='word_1_338' title='bbox 473 3485 576 3534; x_wconf 74' lang='lat' dir='ltr'>Ktirze</span> <span class='ocrx_word' id='word_1_339' title='bbox 590 3483 639 3534; x_wconf 83' lang='lat' dir='ltr'>die</span> <span class='ocrx_word' id='word_1_340' title='bbox 681 3488 725 3532; x_wconf 90' lang='lat' dir='ltr'>tes</span> <span class='ocrx_word' id='word_1_341' title='bbox 740 3486 942 3531; x_wconf 84' lang='lat' dir='ltr'>revocarentur.</span> <span class='ocrx_word' id='word_1_342' title='bbox 974 3484 1039 3533; x_wconf 85' lang='lat' dir='ltr'>Mox</span> <span class='ocrx_word' id='word_1_343' title='bbox 1050 3494 1077 3534; x_wconf 83' lang='lat' dir='ltr'>c.</span> <span class='ocrx_word' id='word_1_344' title='bbox 1088 3482 1134 3539; x_wconf 78' lang='grc'><strong>78.</strong></span> <span class='ocrx_word' id='word_1_345' title='bbox 1151 3485 1207 3535; x_wconf 82' lang='lat' dir='ltr'>do·</span> 
     </span>
    </p>
   </div>
   <div class='ocr_carea' id='block_1_8' title="bbox 117 3548 1282 3620">
    <p class='ocr_par' dir='ltr' id='par_1_10' title="bbox 117 3548 1282 3620">
     <span class='ocr_line' id='line_1_40' title="bbox 117 3548 1282 3620; baseline 0.003 -18"><span class='ocrx_word' id='word_1_346' title='bbox 117 3548 640 3604; x_wconf 72' lang='lat' dir='ltr'>reinenoescbmaclrondausaroclr-</span> <span class='ocrx_word' id='word_1_347' title='bbox 682 3551 1206 3620; x_wconf 57' lang='lat' dir='ltr'>ctrmllcrmaporoeprcecepiieffl-</span> <span class='ocrx_word' id='word_1_348' title='bbox 1280 3574 1282 3579; x_wconf 95' lang='lat'>·</span> 
     </span>
    </p>
   </div>
   <div class='ocr_carea' id='block_1_9' title="bbox 116 3618 1214 4172">
    <p class='ocr_par' dir='ltr' id='par_1_11' title="bbox 116 3618 1214 4172">
     <span class='ocr_line' id='line_1_41' title="bbox 117 3618 1206 3688; baseline 0.004 -18"><span class='ocrx_word' id='word_1_349' title='bbox 117 3621 212 3670; x_wconf 81' lang='lat' dir='ltr'>colles</span> <span class='ocrx_word' id='word_1_350' title='bbox 222 3623 350 3686; x_wconf 73' lang='lat' dir='ltr'>Vortrap</span> <span class='ocrx_word' id='word_1_351' title='bbox 360 3621 471 3673; x_wconf 82' lang='lat' dir='ltr'>besitzt.</span> <span class='ocrx_word' id='word_1_352' title='bbox 489 3623 640 3673; x_wconf 83' lang='lat' dir='ltr'>&#39;lolemsu-</span> <span class='ocrx_word' id='word_1_353' title='bbox 682 3619 733 3671; x_wconf 81' lang='lat' dir='ltr'>bos</span> <span class='ocrx_word' id='word_1_354' title='bbox 744 3618 801 3670; x_wconf 81' lang='lat' dir='ltr'>etsi</span> <span class='ocrx_word' id='word_1_355' title='bbox 812 3622 984 3672; x_wconf 82' lang='lat' dir='ltr'>ornamento</span> <span class='ocrx_word' id='word_1_356' title='bbox 994 3623 1133 3675; x_wconf 67' lang='lat' dir='ltr'>musmo</span> <span class='ocrx_word' id='word_1_357' title='bbox 1141 3623 1206 3688; x_wconf 79' lang='lat' dir='ltr'>opi·</span> 
     </span>
     <span class='ocr_line' id='line_1_42' title="bbox 119 3689 1206 3756; baseline 0.006 -16"><span class='ocrx_word' id='word_1_358' title='bbox 119 3698 175 3740; x_wconf 88' lang='lat' dir='ltr'>tem</span> <span class='ocrx_word' id='word_1_359' title='bbox 188 3689 316 3741; x_wconf 86' lang='lat' dir='ltr'>virtutem</span> <span class='ocrx_word' id='word_1_360' title='bbox 330 3697 410 3753; x_wconf 84' lang='lat' dir='ltr'>atque</span> <span class='ocrx_word' id='word_1_361' title='bbox 427 3692 546 3742; x_wconf 87' lang='lat' dir='ltr'>colorem</span> <span class='ocrx_word' id='word_1_362' title='bbox 561 3701 640 3740; x_wconf 89' lang='lat' dir='ltr'>nemo</span> <span class='ocrx_word' id='word_1_363' title='bbox 682 3689 868 3756; x_wconf 70' lang='lat' dir='ltr'>medicandi,</span> <span class='ocrx_word' id='word_1_364' title='bbox 885 3690 983 3742; x_wconf 78' lang='lat' dir='ltr'>tamen</span> <span class='ocrx_word' id='word_1_365' title='bbox 994 3689 1142 3744; x_wconf 67' lang='lat' dir='ltr'>silesiae</span> <span class='ocrx_word' id='word_1_366' title='bbox 1152 3706 1206 3746; x_wconf 80' lang='lat' dir='ltr'>es·</span> 
     </span>
     <span class='ocr_line' id='line_1_43' title="bbox 117 3757 1206 3828; baseline 0.005 -21"><span class='ocrx_word' id='word_1_367' title='bbox 117 3769 172 3808; x_wconf 92' lang='lat' dir='ltr'>non</span> <span class='ocrx_word' id='word_1_368' title='bbox 207 3757 236 3808; x_wconf 90' lang='lat' dir='ltr'>in</span> <span class='ocrx_word' id='word_1_369' title='bbox 265 3757 472 3812; x_wconf 81' lang='lat' dir='ltr'>Commentariis</span> <span class='ocrx_word' id='word_1_370' title='bbox 512 3759 642 3812; x_wconf 81' lang='lat' dir='ltr'>Caesaris</span> <span class='ocrx_word' id='word_1_371' title='bbox 682 3757 779 3811; x_wconf 79' lang='lat' dir='ltr'>lilibus</span> <span class='ocrx_word' id='word_1_372' title='bbox 792 3759 1206 3828; x_wconf 73' lang='lat' dir='ltr'>amentatae,stcaptaqoae-</span> 
     </span>
     <span class='ocr_line' id='line_1_44' title="bbox 116 3827 1206 3894; baseline 0.009 -19"><span class='ocrx_word' id='word_1_373' title='bbox 116 3827 250 3891; x_wconf 80' lang='lat' dir='ltr'>agnoscit.</span> <span class='ocrx_word' id='word_1_374' title='bbox 682 3829 751 3882; x_wconf 77' lang='lat' dir='ltr'>dam</span> <span class='ocrx_word' id='word_1_375' title='bbox 760 3829 791 3879; x_wconf 83' lang='lat' dir='ltr'>ct</span> <span class='ocrx_word' id='word_1_376' title='bbox 798 3829 909 3893; x_wconf 78' lang='lat' dir='ltr'>parata</span> <span class='ocrx_word' id='word_1_377' title='bbox 918 3827 1039 3894; x_wconf 61' lang='lat' dir='ltr'>siusuli·</span> <span class='ocrx_word' id='word_1_378' title='bbox 1050 3842 1206 3885; x_wconf 70' lang='lat' dir='ltr'>sarmarum</span> 
     </span>
     <span class='ocr_line' id='line_1_45' title="bbox 169 3893 1204 3963; baseline 0.008 -18"><span class='ocrx_word' id='word_1_379' title='bbox 169 3894 198 3945; x_wconf 85' lang='lat' dir='ltr'>c.</span> <span class='ocrx_word' id='word_1_380' title='bbox 207 3898 252 3948; x_wconf 90' lang='grc'><strong>76.</strong></span> <span class='ocrx_word' id='word_1_381' title='bbox 261 3896 320 3945; x_wconf 86' lang='grc'><strong>263.</strong></span> <span class='ocrx_word' id='word_1_382' title='bbox 351 3894 382 3945; x_wconf 82' lang='lat' dir='ltr'>c.</span> <span class='ocrx_word' id='word_1_383' title='bbox 395 3893 528 3956; x_wconf 82' lang='lat' dir='ltr'>sicinius]</span> <span class='ocrx_word' id='word_1_384' title='bbox 548 3896 640 3958; x_wconf 75' lang='lat' dir='ltr'>Ques-</span> <span class='ocrx_word' id='word_1_385' title='bbox 703 3896 834 3949; x_wconf 75' lang='lat' dir='ltr'>erroribus</span> <span class='ocrx_word' id='word_1_386' title='bbox 846 3899 1019 3963; x_wconf 77' lang='lat' dir='ltr'>orpomerria</span> <span class='ocrx_word' id='word_1_387' title='bbox 1031 3899 1204 3953; x_wconf 74' lang='lat' dir='ltr'>traductor.</span> 
     </span>
     <span class='ocr_line' id='line_1_46' title="bbox 119 3909 1214 4028; baseline 0.006 -13"><span class='ocrx_word' id='word_1_388' title='bbox 119 3973 219 4016; x_wconf 87' lang='lat' dir='ltr'>sturam</span> <span class='ocrx_word' id='word_1_389' title='bbox 235 3965 321 4028; x_wconf 79' lang='lat' dir='ltr'>gessit</span> <span class='ocrx_word' id='word_1_390' title='bbox 333 3977 359 4014; x_wconf 90' lang='lat' dir='ltr'>a.</span> <span class='ocrx_word' id='word_1_391' title='bbox 372 3966 435 4018; x_wconf 86' lang='grc'><strong>677.</strong></span> <span class='ocrx_word' id='word_1_392' title='bbox 681 3909 716 4018; x_wconf 64' lang='lat' dir='ltr'>in</span> <span class='ocrx_word' id='word_1_393' title='bbox 726 3967 839 4018; x_wconf 83' lang='lat' dir='ltr'>condem</span> <span class='ocrx_word' id='word_1_394' title='bbox 851 3968 1010 4019; x_wconf 83' lang='lat' dir='ltr'>sententiam</span> <span class='ocrx_word' id='word_1_395' title='bbox 1018 3960 1114 4020; x_wconf 71' lang='lat' dir='ltr'>closo</span> <span class='ocrx_word' id='word_1_396' title='bbox 1124 3971 1214 4022; x_wconf 80' lang='lat' dir='ltr'>inve·-</span> 
     </span>
     <span class='ocr_line' id='line_1_47' title="bbox 169 4030 1204 4106; baseline 0.011 -24"><span class='ocrx_word' id='word_1_397' title='bbox 169 4036 202 4092; x_wconf 75' lang='lat'>0.</span> <span class='ocrx_word' id='word_1_398' title='bbox 216 4030 348 4094; x_wconf 86' lang='lat' dir='ltr'>Pompeii]</span> <span class='ocrx_word' id='word_1_399' title='bbox 371 4035 408 4085; x_wconf 85' lang='lat' dir='ltr'>V.</span> <span class='ocrx_word' id='word_1_400' title='bbox 423 4045 448 4082; x_wconf 89' lang='lat' dir='ltr'>c.</span> <span class='ocrx_word' id='word_1_401' title='bbox 460 4030 505 4084; x_wconf 83' lang='grc'><strong>25.</strong></span> <span class='ocrx_word' id='word_1_402' title='bbox 652 4060 655 4069; x_wconf 74' lang='grc'><em>·</em></span> <span class='ocrx_word' id='word_1_403' title='bbox 682 4034 726 4085; x_wconf 85' lang='lat' dir='ltr'>nis</span> <span class='ocrx_word' id='word_1_404' title='bbox 738 4037 772 4086; x_wconf 92' lang='lat' dir='ltr'>de</span> <span class='ocrx_word' id='word_1_405' title='bbox 784 4035 891 4086; x_wconf 84' lang='lat' dir='ltr'>iuvent</span> <span class='ocrx_word' id='word_1_406' title='bbox 906 4034 929 4102; x_wconf 92' lang='lat' dir='ltr'>l,</span> <span class='ocrx_word' id='word_1_407' title='bbox 942 4037 969 4086; x_wconf 84' lang='grc'><strong>6.</strong></span> <span class='ocrx_word' id='word_1_408' title='bbox 986 4039 1151 4106; x_wconf 81' lang='lat' dir='ltr'>ostenderet,</span> <span class='ocrx_word' id='word_1_409' title='bbox 1168 4042 1204 4092; x_wconf 88' lang='lat' dir='ltr'>ab</span> 
     </span>
     <span class='ocr_line' id='line_1_48' title="bbox 168 4103 1205 4172; baseline 0.008 -20"><span class='ocrx_word' id='word_1_410' title='bbox 168 4103 366 4166; x_wconf 79' lang='lat' dir='ltr'>Hermagorae]</span> <span class='ocrx_word' id='word_1_411' title='bbox 387 4104 640 4165; x_wconf 81' lang='lat' dir='ltr'>Hermagorasrle-</span> <span class='ocrx_word' id='word_1_412' title='bbox 681 4103 1205 4172; x_wconf 70' lang='lat' dir='ltr'>Hermagorapnilosopnismtglsquom</span> 
     </span>
    </p>
   </div>
   <div class='ocr_carea' id='block_1_10' title="bbox 68 4163 1302 4246">
    <p class='ocr_par' dir='ltr' id='par_1_12' title="bbox 68 4163 1302 4246">
     <span class='ocr_line' id='line_1_49' title="bbox 68 4163 1302 4246; baseline 0.011 -24"><span class='ocrx_word' id='word_1_413' title='bbox 68 4222 73 4246; x_wconf 33' lang='grc' dir='ltr'>ι</span> <span class='ocrx_word' id='word_1_414' title='bbox 91 4163 94 4166; x_wconf 64' lang='grc'>’</span> <span class='ocrx_word' id='word_1_415' title='bbox 117 4180 159 4224; x_wconf 87' lang='lat' dir='ltr'>tor</span> <span class='ocrx_word' id='word_1_416' title='bbox 166 4172 251 4225; x_wconf 76' lang='lat' dir='ltr'>lliodi</span> <span class='ocrx_word' id='word_1_417' title='bbox 259 4180 345 4227; x_wconf 83' lang='lat' dir='ltr'>artem</span> <span class='ocrx_word' id='word_1_418' title='bbox 352 4173 544 4238; x_wconf 78' lang='lat' dir='ltr'>profitebatur5</span> <span class='ocrx_word' id='word_1_419' title='bbox 560 4184 639 4238; x_wconf 83' lang='lat' dir='ltr'>quent</span> <span class='ocrx_word' id='word_1_420' title='bbox 681 4173 798 4229; x_wconf 74' lang='lat' dir='ltr'>oratoris</span> <span class='ocrx_word' id='word_1_421' title='bbox 815 4172 907 4226; x_wconf 85' lang='lat' dir='ltr'>omoio</span> <span class='ocrx_word' id='word_1_422' title='bbox 920 4182 1090 4239; x_wconf 81' lang='lat' dir='ltr'>prospectum</span> <span class='ocrx_word' id='word_1_423' title='bbox 1105 4178 1203 4231; x_wconf 80' lang='lat' dir='ltr'>luisse.</span> <span class='ocrx_word' id='word_1_424' title='bbox 1300 4231 1302 4235; x_wconf 83' lang='lat'><em>.</em></span> 
     </span>
    </p>
   </div>
   <div class='ocr_carea' id='block_1_11' title="bbox 0 0 1342 4748">
    <p class='ocr_par' dir='ltr' id='par_1_13' title="bbox 0 0 1342 4748">
     <span class='ocr_line' id='line_1_50' title="bbox 0 0 1342 4748; baseline 0 0"><span class='ocrx_word' id='word_1_425' title='bbox 0 0 1342 4748; x_wconf 95' lang='lat' dir='ltr'> </span> 
     </span>
    </p>
   </div>
  </div>
 </body>
</html>
