2676 4748
164 292 232 369 55
352 371 356 380 .
506 288 830 408 ¹'citimum

171 489 263 566 suut,
280 479 449 573 oppidano
464 481 609 573 5555555
625 490 661 549 ct
674 481 844 551 incondito
857 497 977 570 genere
989 475 1133 549 dicendi.
1174 476 1254 547 Al-

172 573 291 639 dumus
305 571 502 651 bucellam,
520 588 562 638 nc
576 591 673 659 quem
688 574 833 640 vocalem
847 569 1052 659 praeterisse
1069 567 1255 650 videamur,

173 660 214 729 G.
230 652 431 728 Cosconium
447 658 678 740 Calidianum,
698 661 757 749 qui
777 661 870 725 nullo
892 656 1042 731 acumine
1054 677 1127 721 eam
1141 660 1256 722 tamaio

173 748 350 815 verberum
378 747 527 834 copiam,
563 749 595 813 si
614 768 713 837 quem
733 747 895 828 habebat,
926 743 1255 832 praebebotpopnlo

173 856 248 905 aum
262 836 368 900 multa
381 837 636 901 concursatione
651 855 836 921 magnoque
850 834 1006 899 elamore.
1050 829 1152 917 Quod
1165 830 1256 897 idem

49 958 53 977 ι
157 922 320 994 „iaciebat
338 919 385 1009 Q.
399 920 543 1005 Arrius,
565 924 623 1010 qui
636 923 701 990 luit
715 923 764 991 M.
780 920 899 991 Graeci
911 919 1009 1008 qnasi
1023 917 1257 1017 secundarum.

200 1068 204 1075 ’
243 1053 269 1105 si
286 1069 365 1119 qnam
381 1059 510 1119 babebat]
535 1059 562 1111 ai
580 1061 647 1111 Em.
664 1066 693 1108 et
709 1055 855 1109 scbfitnius
873 1056 1013 1119 delebant,
1043 1062 1074 1105 ut
1092 1057 1259 1117 praecedens

209 1135 273 1176 eom
287 1129 454 1179 conveniret.
489 1129 619 1180 Similiter
635 1135 724 1179 tamen
742 1139 767 1176 c.
779 1126 825 1193 87,
842 1126 903 1177 298
921 1125 977 1176 etet
990 1126 1023 1174 tu
1035 1125 1137 1175 metitis
1151 1126 1259 1177 existi-

208 1206 293 1245 mare
307 1187 419 1247 ciceris
437 1198 473 1249 de
490 1211 540 1259 ec,
562 1199 691 1265 tipasam
704 1207 781 1246 coac
794 1194 944 1260 babemus,
967 1195 1120 1262 facultate.
1153 1195 1216 1245 Dis.
1229 1194 1259 1245 in

210 1263 314 1315 Caecil.
337 1266 379 1317 15.
403 1267 465 1332 ipse
488 1267 613 1318 Atticam
631 1280 670 1319 ec
688 1279 723 1317 eo
739 1266 901 1334 facultate,
930 1262 958 1314 ei
975 1276 1061 1330 poam
1076 1263 1175 1328 babet,
1200 1263 1259 1314 oli·

211 1333 352 1398 puccium
376 1335 570 1389 detracturos
592 1338 648 1389 set.
689 1335 742 1389 Ubi
758 1333 785 1384 ei
800 1346 886 1400 quam
903 1332 1073 1384 extenuantis
1092 1339 1135 1391 est
1151 1335 1260 1389 laudem

211 1403 341 1452 orationis
359 1406 502 1468 copiosae:
526 1407 651 1472 noceat,
669 1405 903 1469 quamnlacunque
916 1402 978 1456 mit·
1011 1402 1088 1454 Adde
1104 1403 1212 1474 Zumpt·
1230 1400 1260 1463 S.

208 1469 272 1525 740.
290 1479 319 1521 ct
335 1485 405 1525 vera
422 1473 581 1525 sentientem
597 1471 777 1528 Wetaelium.

245 1542 436 1604 secundarum]
455 1544 500 1594 sic
513 1542 605 1605 optimi
617 1545 692 1594 codd.
700 1556 761 1594 oum
772 1537 876 1605 aliquot
886 1547 953 1589 vett.
966 1539 1035 1603 epid„
1046 1536 1143 1602 quibus
1155 1539 1261 1590 obtem-

38 1622 41 1629 ‘
133 1672 140 1683 ,
212 1609 321 1671 peracit
337 1612 432 1665 bamb
458 1615 640 1668 secondom
656 1613 754 1675 ed0pr.
779 1609 970 1662 secundarius
983 1609 1182 1660 ed.b1euiolan.
1195 1619 1261 1673 pro·

212 1678 279 1731 bata
300 1678 394 1745 Pipbic
418 1688 446 1732 et
471 1683 630 1735 casaubono
651 1681 682 1732 in
697 1683 806 1734 sueton.
826 1682 895 1743 Aug.
909 1675 953 1729 45.
986 1678 1086 1729 Arrius
1109 1679 1188 1741 quasi
1212 1689 1262 1727 se-

213 1748 359 1799 cumiarom
376 1750 429 1801 fuit
445 1750 556 1820 crassi,
580 1752 607 1804 id
626 1757 687 1818 eet,
712 1748 830 1802 imitator
846 1747 955 1812 crassi,
976 1745 1075 1810 quique
1087 1759 1198 1808 prorsus
1212 1759 1262 1801 ea·

212 1817 274 1867 dem
290 1817 412 1871 laceret:
433 1822 526 1872 eodem
544 1820 615 1873 enim
632 1821 727 1885 modo,
754 1830 808 1883 quo
825 1816 943 1868 crassus
960 1827 1020 1865 cnm
1038 1815 1145 1865 civibus
1161 1828 1264 1867 versa-

213 1886 310 1952 batur,
337 1890 435 1939 Arrius
449 1889 479 1940 in
496 1891 617 1940 omnibus
633 1888 749 1952 negotiis
767 1900 798 1936 se
815 1886 909 1951 gessit.
944 1885 1003 1945 [Sic
1020 1884 1079 1933 iere
1092 1886 1261 1938 Wetzelius.

214 1955 305 2005 Aliter
320 1958 457 2023 censebit,
479 1959 525 2021 qui
542 1966 653 2008 veteres
670 1958 816 2019 scriptores
834 1968 888 2018 qua
902 1962 991 2003 mente
1006 1953 1189 2022 primorum,
1214 1967 1262 2006 se·

213 2024 392 2092 cundetam,
421 2029 580 2078 tertiorum
603 2029 719 2078 actores
744 2025 805 2075 sive
825 2016 1070 2090 πρωταγωνιστήν,
1097 2017 1264 2091 δευτεραγω-

216 2087 325 2157 νιστήν,
352 2087 586 2163 τριταγωνιστήν,
613 2108 685 2148 nunc
701 2095 730 2146 iu
746 2092 876 2146 orationis
892 2091 1058 2155 proprietate
1073 2104 1144 2143 cunc
1161 2106 1211 2156 per
1227 2093 1263 2142 fi-

215 2173 310 2223 guram
335 2165 514 2231 protulerint,
546 2176 650 2230 quoquc
676 2172 783 2228 spectet
808 2156 920 2227 δεύτερα
941 2155 1044 2226 λέγειν,
1069 2162 1149 2226 τρίτα
1166 2157 1263 2228 λέγειν,

213 2230 359 2293 diligenter
376 2234 542 2296 expenderit·
569 2235 605 2285 V.
623 2233 731 2296 Ulpian.
746 2233 776 2283 iu
792 2231 928 2281 Demosth.
947 2228 981 2279 F.
998 2231 1031 2279 L.
1048 2245 1074 2293 p.
1089 2231 1150 2283 387.
1172 2234 1263 2281 Asco-

190 2343 193 2350 .
213 2298 277 2350 niue
293 2300 427 2352 imliivio.
445 2302 472 2352 in
489 2302 591 2355 caecil.
607 2301 649 2354 15.
673 2302 805 2353 Valesius
818 2300 846 2349 in
861 2301 991 2359 Harpocr.
1010 2313 1036 2360 p.
1050 2300 1110 2348 298.
1124 2313 1166 2363 sq.
1195 2300 1263 2350 cot-

213 2367 294 2431 tigcr.
311 2368 411 2434 opusc.
431 2386 459 2435 p.
473 2373 534 2425 ³18.
549 2385 589 2435 sq.
610 2373 681 2424 Nam
697 2379 728 2421 ut
746 2371 879 2421 secundus
896 2369 1010 2432 apebm,
1035 2367 1079 2430 qui
1097 2370 1207 2430 paulum
1218 2368 1264 2441 in-

213 2436 298 2488 letior
315 2447 390 2490 esset
407 2441 494 2492 actori
511 2441 639 2505 primario
656 2441 785 2503 viresque
802 2452 868 2490 suae
887 2437 962 2487 illius
976 2437 1096 2498 partibus
1110 2450 1264 2488 accommo-

213 2507 292 2557 daret
314 2518 343 2560 et
366 2510 549 2563 submitteret:
577 2511 618 2565 im
635 2508 860 2563 secundarum'in
873 2506 1015 2569 republica
1031 2506 1194 2570 habebatur,
1217 2506 1264 2570 qui

213 2576 329 2631 consilia
346 2589 398 2629 sua
413 2581 448 2629 ai
463 2579 608 2632 utilitatem
623 2587 653 2631 ct
669 2579 812 2630 arbitrium
825 2576 880 2626 siri
895 2575 1072 2637 potentissimi
1086 2576 1202 2640 dirigere
1216 2590 1265 2627 eo-

212 2645 284 2696 leret
304 2654 333 2696 et
354 2650 478 2698 consulto
501 2649 636 2701 rationum
655 2648 808 2701 alienarum
832 2645 912 2715 qnasi
938 2645 1148 2708 subscriptorem
1170 2659 1265 2710 agere.

214 2715 312 2766 Arrius
328 2714 411 2783 igitur
426 2717 455 2768 in
471 2729 523 2782 quo
539 2717 673 2770 craesum
688 2717 840 2770 imitaretur
855 2714 922 2765 nibil
938 2713 1033 2778 opinor
1053 2715 1185 2780 ilabebat3
1215 2716 1265 2768 seu

229 2853 375 2916 oppidano]
395 2853 479 2915 Quasi
489 2853 645 2918 municipali
656 2862 702 2907 at-
742 2852 801 2905 etto
818 2848 887 2905 bello
907 2852 1028 2904 Romam
1044 2849 1111 2916 post
1123 2846 1276 2904 brennum

178 2922 320 2983 pateinter
332 2925 462 2975 urbanum
477 2937 562 2988 genus
575 2933 604 2975 et
614 2936 701 2988 paene
742 2923 845 2975 rectit.
876 2921 1006 2971 Similiter
1019 2918 1114 2970 cicero
1131 2921 1150 2968 l.
1165 2921 1184 2970 l.
1203 2934 1266 2973 cum

179 2991 314 3045 rusticum
340 2993 482 3043 interiecto
516 2995 602 3056 (qued
625 3002 701 3045 recte
742 2991 854 3045 vocarit
867 3000 998 3058 oratorem
1013 2991 1170 3042 clamosum.

180 3060 339 3112 Wctnelins
352 3063 605 3124 blanauidtiech:
624 3065 703 3114 velut
796 3064 828 3125 Q.
846 3056 957 3120 Arrlus]
983 3060 1011 3110 le
1031 3067 1142 3122 praetor
1160 3071 1186 3110 a.
1201 3057 1264 3111 682.

178 3130 602 3185 AsiniusPolliol'etavinitatem
613 3131 700 3184 inhi-
743 3128 870 3199 crixum,
885 3130 1062 3192 fugitivorum
1074 3130 1184 3197 ducem,
1202 3140 1264 3179 cum

178 3199 417 3261 viodeprebendit.
742 3201 841 3264 viginti
866 3200 998 3253 bominum
1017 3197 1136 3247 millibus
1156 3197 1264 3264 cecidit,

227 3272 365 3330 vocalem]
390 3269 539 3337 Cancrum,
555 3269 702 3321 velomni-
744 3272 793 3320 sed
818 3282 836 3320 a
859 3270 989 3330 spartaco
1009 3267 1099 3315 victus
1119 3273 1170 3315 est.
1202 3267 1265 3319 biv.

177 3346 213 3386 co
236 3338 283 3399 qui
304 3351 399 3390 vocem
416 3341 452 3389 ad
473 3341 613 3389 (licendum
633 3351 702 3390 con·
742 3336 901 3403 ltpxcvl.
924 3338 955 3387 ln
967 3336 1094 3399 petitione
1106 3334 1266 3387 consulatus

179 3405 249 3453 tulit.
269 3406 412 3471 Pliniipp.
421 3408 472 3474 IV,
487 3410 514 3472 7,
528 3413 555 3459 2.
571 3408 701 3472 Scripsit
742 3420 769 3460 a.
782 3407 843 3460 695.
859 3404 1019 3472 accesere,
1031 3417 1108 3469 quem
1121 3413 1203 3456 antea
1216 3406 1267 3455 ad-

175 3473 300 3538 mutire,
314 3479 350 3526 at
362 3477 596 3532 oidecoricm'boe
612 3478 701 3545 elipe-
741 3477 866 3542 iuverat,
883 3477 1027 3526 destitutus
1041 3482 1099 3524 est:
1115 3474 1267 3541 adlit-11,

176 3544 265 3595 retur
293 3547 491 3597 oocmmeimuc
519 3547 626 3612 aliquis
662 3560 702 3601 em
744 3547 772 3599 5.
789 3545 819 3597 ls
831 3546 982 3607 exemplum
994 3541 1134 3594 M.crassi
1147 3549 1267 3609 secutus,

281 3614 702 3743 5555
744 3614 976 3736 ericium
992 3612 1268 3733 sitientem

177 3748 335 3803 calidianus
341 3753 489 3819 illyricum
501 3754 638 3805 obtinebat
650 3767 703 3805 an-
745 3754 866 3819 oiliavit,
883 3753 945 3803 lum
958 3753 1080 3803 omnibns
1092 3751 1220 3817 seminet,
1232 3762 1268 3802 ae

177 3832 213 3881 pc
226 3821 337 3872 circiter
349 3820 412 3874 675.
431 3823 468 3873 V.
481 3834 529 3880 cro
543 3820 701 3886 01555585,
743 3834 779 3872 ne
806 3823 898 3873 influo
925 3823 1032 3887 quidem
1050 3821 1105 3871 civi
1123 3825 1270 3872 recusaret

177 3889 221 3940 97.
250 3892 294 3940 Ab
311 3888 443 3953 Eutropio
456 3888 513 3955 Vl,
529 3890 556 3942 o
578 3891 629 3942 Ost.
646 3891 703 3941 vo·
744 3892 837 3943 cilicia
865 3893 909 3952 (v.
929 3891 959 3942 in
979 3905 1004 3941 c.
1023 3893 1108 3953 biij:
1138 3889 1269 3941 similiter

177 3960 293 4011 sconiae
321 3960 435 4010 dicitur:
475 3958 521 4010 Ad
549 3959 703 4023 illyricam
743 3962 837 4011 multis
850 3960 977 4011 obediens
990 3960 1186 4024 multorumque
1198 3970 1268 4008 cau-

177 4027 338 4088 missitaret
344 4027 395 4081 cn.
402 4028 555 4082 meconem
566 4040 624 4095 pro
632 4042 703 4080 eon-
745 4041 792 4080 sas
804 4030 944 4094 recipiens·
953 4031 988 4081 acl
1001 4031 1115 4080 bonores
1131 4026 1267 4092 pervenit,

178 4098 255 4161 stole,
274 4100 396 4149 multam
408 4099 526 4163 portem
538 4098 702 4152 memmiae
744 4098 798 4149 etsi
820 4112 918 4161 perse
939 4099 1040 4149 nullam
1059 4098 1176 4151 babebat
1192 4106 1267 4149 com·

179 4165 301 4237 accepte,
317 4170 438 4222 8555555
452 4166 529 4235 cepit
543 4169 575 4223 et
586 4180 704 4236 comce-
744 4168 940 4222 mendaciorem
960 4165 1078 4232 ingenii..
