2676 4748
138 329 162 394 e
197 300 199 307 “
523 330 836 402 ruoonuuuu.

140 538 192 584 sus
205 525 234 583 et
241 519 372 602 bonores
384 517 517 599 publicos
530 518 581 583 otii
593 521 701 602 priuati
714 539 750 585 ao
769 514 888 585 litterati
893 521 1047 597 ,suavitate
1061 535 1225 591 eommuta-

138 623 191 690 rit.
232 622 313 700 Quid
330 623 406 700 quod
422 639 442 684 a
456 641 523 685 sese
536 623 718 705 impetravit,
746 631 779 687 ut
791 625 828 686 de
844 625 909 703 ipso
923 624 1054 688 Caesare
1069 625 1152 691 baud
1165 628 1225 699 ini-

138 746 227 808 quum
240 723 379 787 iudicimu
396 723 504 790 ferreti
531 728 608 806 quod
623 727 725 810 magui
737 725 828 792 animi
842 729 1044 791 documentum
1059 749 1127 794 esse
1142 731 1226 807 arbi,

138 841 209 898 bor.
251 831 312 894 Ubi
329 829 406 893 enim
426 830 463 891 de
479 827 611 893 Caesare
628 837 744 894 oratore
755 828 899 910 loquitur,
926 831 964 893 de
977 831 1130 909 republica
1145 835 1225 916 silet,

137 935 258 997 virtutes
272 932 452 1014 eloquentiae
462 933 635 1010 laudemque
649 931 828 1013 litterarum,
849 952 907 1013 qua
924 933 976 998 illo
994 933 1108 1016 floruit,
1118 955 1223 1019 ,aequo

136 1037 234 1101 auimo
248 1036 415 1098 illustratet
431 1033 510 1098 iusta
522 1033 731 1113 approbatione
741 1037 936 1116 prosequitur.

137 1198 141 1205 .
237 1140 380 1219 Superest
393 1144 424 1198 ut
439 1136 555 1200 dicendi
569 1136 693 1199 formam
708 1158 978 1214 commemoremus.
995 1176 997 1185 ·
1020 1137 1149 1209 Beatus
1160 1143 1223 1227 igi.
1239 1207 1242 1211 ,

137 1252 184 1306 tur
201 1262 335 1317 sermone
357 1249 385 1303 et
404 1245 463 1301 toto
481 1257 591 1319 genere
613 1237 728 1314 dicendi
736 1240 822 1305 libris
834 1243 876 1304 de
890 1239 1031 1306 Oratore
1046 1243 1152 1331 similis
1166 1252 1222 1327 ost,

135 1348 194 1411 etsi
213 1345 318 1427 negari
338 1340 454 1421 nequit,
481 1338 585 1400 ethos
606 1346 634 1400 et
654 1336 827 1403 Oratorem
841 1341 940 1422 magis
956 1360 1023 1405 esse
1043 1345 1222 1425 eubertus.

135 1450 320 1529 Quamquam
340 1452 435 1507 auteur
453 1439 605 1522 dialogum
620 1458 687 1503 esse
701 1441 900 1523 negligentem
921 1449 949 1505 et
965 1445 1066 1511 natira
1077 1457 1142 1514 arte
1155 1449 1221 1513 ele.

138 1540 271 1631 quentem
283 1546 432 1624 confiteor,
446 1552 543 1605 tamen
558 1561 719 1606 sermonem
732 1545 795 1609 eius
805 1545 895 1626 longe
907 1544 990 1609 illum
1004 1568 1146 1629 superare
1162 1573 1219 1634 pu..

132 1661 186 1731 ¹to,
207 1652 255 1732 qui
274 1649 408 1715 inlibris
429 1649 466 1709 de
484 1645 672 1726 philosophia
683 1648 838 1727 reperitur.
879 1647 959 1712 Saue
970 1649 1100 1715 etiamiu
1113 1674 1149 1717 eo
1163 1648 1222 1719 ad.⁴

133 1754 368 1819 mirabilisesse
384 1750 516 1828 uidetur,
536 1751 612 1830 quod
626 1750 734 1812 nudam
747 1757 832 1830 atque
846 1749 973 1827 ieiunam
986 1752 1133 1819 oratorum
1146 1778 1219 1822 euu-

134 1845 323 1923 merationem
340 1876 407 1921 oum
426 1852 543 1920 facetiis
557 1860 585 1918 et
596 1850 697 1934 lepore
711 1851 864 1935 excitavit,
885 1860 946 1919 tum
960 1856 1054 1922 doctis
1066 1863 1218 1943 egressio.

133 1963 221 2029 nibus
234 1960 495 2026 delectatanimos.
768 2029 771 2033 ,
836 2028 839 2033 ,
1184 2010 1215 2039 ·.

238 2064 462 2130 Commentariis
482 2060 666 2125 illustrarunt
684 2059 763 2125 buno
781 2063 888 2126 librum
900 2082 971 2144 prae
985 2066 1091 2130 ceteris
1104 2066 1217 2135 Corra-

133 2170 208 2250 dus,
227 2169 405 2249 Wetueliur,
423 2165 605 2229 Ellendtiusr
631 2161 681 2245 qni
701 2165 893 2245 explicandae
912 2176 1060 2232 oratorum
1072 2169 1217 2248 historiae
1253 2158 1256 2171 ¹

128 2273 252 2341 multam
275 2273 416 2337 dederuut
436 2286 565 2348 operam.
607 2268 723 2332 Textus
742 2276 839 2332 autem
852 2271 902 2331 diu
916 2272 1068 2354 neglectus
1082 2266 1216 2341 iacebole

131 2395 203 2442 uam
224 2383 252 2440 et
269 2374 421 2439 fraudibus
440 2372 574 2436 codicum
591 2378 620 2434 et
638 2369 727 2434 multo
746 2372 845 2453 magis
866 2366 952 2437 rasta
980 2373 1219 2445 coniecturarum
1239 2444 1241 2450 ,

132 2480 209 2544 mole
219 2480 261 2543 ita
276 2480 455 2559 depravatus
466 2473 538 2554 tuit,
557 2480 590 2536 ut
604 2493 675 2538 vera
684 2492 745 2537 uon
756 2474 883 2554 amplius
895 2477 1021 2557 agnosci
1032 2487 1135 2556 posset
1148 2499 1213 2546 ma·

130 2603 199 2649 nus.
242 2581 369 2647 Orellius
387 2580 479 2673 igitqr
498 2585 599 2640 noster
619 2586 773 2657 postquam
793 2578 980 2644 collationem
998 2581 1110 2646 codicis
1125 2583 1212 2654 Pari-

124 2684 241 2752 siensis
260 2684 288 2749 l)
310 2683 491 2762 accepisset,
514 2678 778 2746 libruma.1830.
800 2681 959 2760 separatim
983 2683 1087 2764 edidit,
1112 2685 1212 2768 itaquo

125 2790 210 2872 egit,
227 2794 278 2868 ut,
306 2785 375 2866 quid
396 2781 532 2846 ecdicum
554 2781 593 2842 sit
611 2781 715 2877 lectio,
743 2781 1022 2860 quidaoouieotura
1035 2787 1210 2871 profectum,

126 2913 208 2969 nuno
230 2886 360 2971 perspici
378 2884 482 2967 possit.
526 2881 614 2946 Hanc
629 2883 681 2946 ille
700 2882 842 2947 rationem
861 2895 978 2951 secutus
998 2908 1138 2972 magnam
1153 2892 1209 2957 du.
1242 2956 1244 2960 y

127 2996 245 3063 biorum
263 2997 325 3053 aut
335 2995 536 3069 corruptorum
552 2986 685 3050 locorum
700 2993 813 3066 partem
827 2988 961 3056 restituit.
1001 2989 1080 3056 Mili
1095 3014 1207 3075 quoque

124 3118 206 3165 noro
227 3101 255 3159 et
272 3074 426 3174 praeclaro
446 3087 579 3154 subsidio
598 3087 641 3151 uti
662 3089 793 3172 contigit.
836 3089 964 3154 Orellius
979 3094 1056 3161 euim
1068 3096 1207 3161 Basileus

121 3200 158 3269 iu
178 3197 331 3262 editionem
357 3193 519 3275 principem
536 3190 701 3254 Romanam
720 3209 751 3258 a.
775 3189 872 3259 1469.
891 3193 1051 3280 inciderat,
1084 3218 1206 3281 eamque

123 3304 196 3368 milri
208 3297 414 3365 liberalissime
427 3294 556 3360 tradidit.
594 3293 678 3358 Haeo
690 3314 761 3357 vero
774 3295 861 3357 editio
875 3316 934 3360 non
947 3317 1015 3384 eam,
1024 3308 1133 3365 tautum
1146 3302 1205 3377 utiq

122 3405 233 3469 litatem
253 3400 322 3488 (etsi
335 3401 394 3464 iam
409 3417 463 3479 per
473 3417 506 3460 se
523 3378 594 3460 satis
605 3416 715 3480 magua
728 3395 797 3482 fuit)
817 3399 929 3481 attulit,
956 3410 988 3465 ut
998 3422 1076 3466 nuno
1089 3406 1205 3491 demum

121 3507 318 3589 intelligatur,
346 3503 428 3568 Ririi
451 3520 524 3582 quae
542 3501 675 3564 feruntur
688 3499 869 3565 coniecturas
881 3503 1049 3585 plerumque
1060 3524 1220 3581 roncon-¹

120 3614 250 3677 iecturas
270 3627 354 3687 ossa,
385 3606 438 3668 sed
452 3604 546 3684 ipsius
564 3602 697 3666 editionis
710 3603 850 3684 principis
864 3605 1021 3671 lectionesr
1048 3617 1202 3687 praeterea

119 3715 200 3781 band
213 3731 325 3795 paucos
336 3709 420 3772 locos
432 3707 490 3770 bae
506 3725 561 3787 ope
574 3724 594 3768 a
605 3725 652 3770 me
666 3713 814 3770 correctos
828 3711 1050 3789 emendatosque
1063 3711 1201 3779 arbitror.
1249 3694 1252 3699 ’

118 3816 180 3883 Sed
200 3837 239 3882 ue
257 3813 303 3878 sio
322 3811 435 3896 quidem
448 3828 547 3872 omnes
561 3810 743 3889 corruptelae
757 3819 950 3876 evanuerunt:
971 3819 1083 3876 restant
1098 3814 1200 3877 etiam-

118 3938 196 3985 nunc
215 3920 316 4001 plures
334 3914 411 3994 loci,
436 3913 486 3995 qui
504 3931 598 3978 noros
619 3911 754 3993 codices,
774 3932 867 3979 novor
883 3915 1008 3979 editores
1023 3916 1199 3983 desiderant.

117 4023 230 4089 Deinde
251 4023 364 4086 litteras
384 4017 556 4095 Romanas,
582 4015 615 4077 in
636 4014 741 4095 quibus
762 4024 838 4081 totus
853 4027 989 4083 versatur
1001 4016 1094 4099 liber,
1115 4039 1197 4083 eoru-

115 4123 265 4193 tueutariis
280 4129 417 4207 quantum
434 4127 565 4204 poteram
583 4117 775 4184 illustrandas
794 4139 861 4187 esse
880 4121 989 4205 putari.
1030 4121 1105 4188 Cum
1118 4116 1195 4195 enim
