<?xml version="1.0" encoding="UTF-8"?>
<!DOCTYPE html PUBLIC "-//W3C//DTD XHTML 1.0 Transitional//EN"
    "http://www.w3.org/TR/xhtml1/DTD/xhtml1-transitional.dtd">
<html xmlns="http://www.w3.org/1999/xhtml" xml:lang="en" lang="en">
 <head>
  <title>
</title>
<meta http-equiv="Content-Type" content="text/html;charset=utf-8" />
  <meta name='ocr-system' content='tesseract 3.04.00' />
  <meta name='ocr-capabilities' content='ocr_page ocr_carea ocr_par ocr_line ocrx_word'/>
</head>
<body>
  <div class='ocr_page' id='page_1' title='image "./mtulliiciceroni00meyegoog_0026.png"; bbox 0 0 2676 4748; ppageno 0'>
   <div class='ocr_carea' id='block_1_1' title="bbox 341 1351 1030 1501">
    <p class='ocr_par' dir='ltr' id='par_1_1' title="bbox 341 1351 1030 1501">
     <span class='ocr_line' id='line_1_1' title="bbox 341 1351 1030 1501; baseline -0.001 -1"><span class='ocrx_word' id='word_1_1' title='bbox 341 1438 344 1443; x_wconf 69' lang='lat'>,</span> <span class='ocrx_word' id='word_1_2' title='bbox 412 1352 908 1501; x_wconf 71' lang='lat' dir='ltr'>Prooemium.</span> <span class='ocrx_word' id='word_1_3' title='bbox 1027 1351 1030 1357; x_wconf 76' lang='grc'><strong>’</strong></span> 
     </span>
    </p>
   </div>
   <div class='ocr_carea' id='block_1_2' title="bbox 561 1617 764 1638">
    <p class='ocr_par' dir='ltr' id='par_1_2' title="bbox 561 1617 764 1638">
     <span class='ocr_line' id='line_1_2' title="bbox 561 1617 764 1638; baseline 0 -5"><span class='ocrx_word' id='word_1_4' title='bbox 561 1617 764 1638; x_wconf 63' lang='grc' dir='ltr'>...ι-..ιι</span> 
     </span>
    </p>
   </div>
   <div class='ocr_carea' id='block_1_3' title="bbox 119 1800 1201 2040">
    <p class='ocr_par' dir='ltr' id='par_1_3' title="bbox 119 1800 1201 2040">
     <span class='ocr_line' id='line_1_3' title="bbox 120 1800 1201 1940; baseline 0.004 -22"><span class='ocrx_word' id='word_1_5' title='bbox 120 1800 224 1920; x_wconf 72' lang='grc' dir='ltr'>Ουίιι</span> <span class='ocrx_word' id='word_1_6' title='bbox 237 1852 343 1918; x_wconf 78' lang='lat' dir='ltr'>Cicero</span> <span class='ocrx_word' id='word_1_7' title='bbox 356 1871 418 1916; x_wconf 88' lang='lat' dir='ltr'>non</span> <span class='ocrx_word' id='word_1_8' title='bbox 429 1871 486 1917; x_wconf 89' lang='lat' dir='ltr'>usu</span> <span class='ocrx_word' id='word_1_9' title='bbox 499 1851 595 1914; x_wconf 86' lang='lat' dir='ltr'>solum</span> <span class='ocrx_word' id='word_1_10' title='bbox 608 1857 636 1914; x_wconf 87' lang='lat' dir='ltr'>et</span> <span class='ocrx_word' id='word_1_11' title='bbox 649 1848 857 1915; x_wconf 69' lang='lat' dir='ltr'>exercitatione</span> <span class='ocrx_word' id='word_1_12' title='bbox 871 1847 986 1913; x_wconf 82' lang='lat' dir='ltr'>dicendi</span> <span class='ocrx_word' id='word_1_13' title='bbox 1001 1860 1099 1919; x_wconf 88' lang='lat' dir='ltr'>orator</span> <span class='ocrx_word' id='word_1_14' title='bbox 1112 1865 1201 1940; x_wconf 87' lang='lat' dir='ltr'>esset,</span> 
     </span>
     <span class='ocr_line' id='line_1_4' title="bbox 119 1952 1201 2040; baseline 0.001 -15"><span class='ocrx_word' id='word_1_15' title='bbox 119 1964 391 2038; x_wconf 80' lang='lat' dir='ltr'>verumproecepoa</span> <span class='ocrx_word' id='word_1_16' title='bbox 405 1962 539 2019; x_wconf 76' lang='lat' dir='ltr'>etonem</span> <span class='ocrx_word' id='word_1_17' title='bbox 552 1953 731 2033; x_wconf 71' lang='lat' dir='ltr'>eloquentiae</span> <span class='ocrx_word' id='word_1_18' title='bbox 747 1952 871 2032; x_wconf 83' lang='lat' dir='ltr'>teneret,</span> <span class='ocrx_word' id='word_1_19' title='bbox 894 1973 954 2017; x_wconf 91' lang='lat' dir='ltr'>non</span> <span class='ocrx_word' id='word_1_20' title='bbox 971 1956 1111 2023; x_wconf 83' lang='lat' dir='ltr'>dubitavit</span> <span class='ocrx_word' id='word_1_21' title='bbox 1130 1962 1201 2040; x_wconf 87' lang='lat' dir='ltr'>quin</span> 
     </span>
    </p>
   </div>
   <div class='ocr_carea' id='block_1_4' title="bbox 119 2055 1318 2144">
    <p class='ocr_par' dir='ltr' id='par_1_4' title="bbox 119 2055 1318 2144">
     <span class='ocr_line' id='line_1_5' title="bbox 119 2055 1318 2144; baseline -0.008 -17"><span class='ocrx_word' id='word_1_22' title='bbox 119 2082 226 2144; x_wconf 79' lang='lat' dir='ltr'>operae</span> <span class='ocrx_word' id='word_1_23' title='bbox 247 2068 326 2124; x_wconf 87' lang='lat' dir='ltr'>esset</span> <span class='ocrx_word' id='word_1_24' title='bbox 346 2058 507 2139; x_wconf 72' lang='lat' dir='ltr'>pretinm,‘·</span> <span class='ocrx_word' id='word_1_25' title='bbox 515 2057 544 2118; x_wconf 89' lang='lat' dir='ltr'>si</span> <span class='ocrx_word' id='word_1_26' title='bbox 562 2055 714 2125; x_wconf 84' lang='lat' dir='ltr'>historiam</span> <span class='ocrx_word' id='word_1_27' title='bbox 737 2064 887 2120; x_wconf 87' lang='lat' dir='ltr'>oratorum</span> <span class='ocrx_word' id='word_1_28' title='bbox 901 2057 1102 2126; x_wconf 88' lang='lat' dir='ltr'>Romanorum</span> <span class='ocrx_word' id='word_1_29' title='bbox 1120 2083 1203 2128; x_wconf 88' lang='lat' dir='ltr'>corn.</span> <span class='ocrx_word' id='word_1_30' title='bbox 1315 2136 1318 2143; x_wconf 26' lang='grc' dir='ltr'>Ι</span> 
     </span>
    </p>
   </div>
   <div class='ocr_carea' id='block_1_5' title="bbox 119 2158 1203 2452">
    <p class='ocr_par' dir='ltr' id='par_1_5' title="bbox 119 2158 1203 2452">
     <span class='ocr_line' id='line_1_6' title="bbox 120 2158 1203 2247; baseline 0.004 -19"><span class='ocrx_word' id='word_1_31' title='bbox 120 2165 279 2247; x_wconf 83' lang='lat' dir='ltr'>posuisset.</span> <span class='ocrx_word' id='word_1_32' title='bbox 319 2163 354 2225; x_wconf 94' lang='lat' dir='ltr'>In</span> <span class='ocrx_word' id='word_1_33' title='bbox 369 2180 405 2224; x_wconf 87' lang='lat' dir='ltr'>ea</span> <span class='ocrx_word' id='word_1_34' title='bbox 425 2158 503 2223; x_wconf 89' lang='lat' dir='ltr'>enim</span> <span class='ocrx_word' id='word_1_35' title='bbox 517 2166 581 2222; x_wconf 89' lang='lat' dir='ltr'>arte</span> <span class='ocrx_word' id='word_1_36' title='bbox 593 2158 720 2221; x_wconf 88' lang='lat' dir='ltr'>Romani</span> <span class='ocrx_word' id='word_1_37' title='bbox 731 2158 888 2238; x_wconf 88' lang='lat' dir='ltr'>plurimum</span> <span class='ocrx_word' id='word_1_38' title='bbox 903 2161 1103 2246; x_wconf 79' lang='lat' dir='ltr'>excellebant,</span> <span class='ocrx_word' id='word_1_39' title='bbox 1128 2174 1157 2230; x_wconf 88' lang='lat' dir='ltr'>et</span> <span class='ocrx_word' id='word_1_40' title='bbox 1169 2167 1203 2232; x_wconf 84' lang='lat' dir='ltr'>iu</span> 
     </span>
     <span class='ocr_line' id='line_1_7' title="bbox 119 2260 1202 2360; baseline 0.003 -31"><span class='ocrx_word' id='word_1_41' title='bbox 119 2262 258 2335; x_wconf 71' lang='lat' dir='ltr'>beneola</span> <span class='ocrx_word' id='word_1_42' title='bbox 274 2285 339 2329; x_wconf 88' lang='lat' dir='ltr'>cum</span> <span class='ocrx_word' id='word_1_43' title='bbox 351 2261 474 2327; x_wconf 82' lang='lat' dir='ltr'>Graecis</span> <span class='ocrx_word' id='word_1_44' title='bbox 490 2262 526 2323; x_wconf 86' lang='lat' dir='ltr'>de</span> <span class='ocrx_word' id='word_1_45' title='bbox 542 2260 629 2360; x_wconf 73' lang='lat' dir='ltr'>laude</span> <span class='ocrx_word' id='word_1_46' title='bbox 643 2272 671 2323; x_wconf 88' lang='lat' dir='ltr'>et</span> <span class='ocrx_word' id='word_1_47' title='bbox 684 2262 782 2343; x_wconf 79' lang='lat' dir='ltr'>gloria</span> <span class='ocrx_word' id='word_1_48' title='bbox 798 2261 1036 2346; x_wconf 80' lang='lat' dir='ltr'>aemulabantur,</span> <span class='ocrx_word' id='word_1_49' title='bbox 1063 2286 1118 2331; x_wconf 90' lang='lat' dir='ltr'>neo</span> <span class='ocrx_word' id='word_1_50' title='bbox 1139 2267 1202 2333; x_wconf 83' lang='lat' dir='ltr'>elo-</span> 
     </span>
     <span class='ocr_line' id='line_1_8' title="bbox 122 2362 1202 2452; baseline 0.005 -19"><span class='ocrx_word' id='word_1_51' title='bbox 122 2370 239 2452; x_wconf 83' lang='lat' dir='ltr'>quentia</span> <span class='ocrx_word' id='word_1_52' title='bbox 258 2369 335 2448; x_wconf 88' lang='lat' dir='ltr'>apud</span> <span class='ocrx_word' id='word_1_53' title='bbox 349 2385 400 2429; x_wconf 86' lang='lat' dir='ltr'>eos</span> <span class='ocrx_word' id='word_1_54' title='bbox 418 2362 569 2428; x_wconf 84' lang='lat' dir='ltr'>Ciceronis</span> <span class='ocrx_word' id='word_1_55' title='bbox 582 2365 695 2426; x_wconf 86' lang='lat' dir='ltr'>demum</span> <span class='ocrx_word' id='word_1_56' title='bbox 708 2373 802 2428; x_wconf 89' lang='lat' dir='ltr'>aetate</span> <span class='ocrx_word' id='word_1_57' title='bbox 814 2365 872 2428; x_wconf 92' lang='lat' dir='ltr'>coli</span> <span class='ocrx_word' id='word_1_58' title='bbox 885 2367 996 2448; x_wconf 86' lang='lat' dir='ltr'>coepit,</span> <span class='ocrx_word' id='word_1_59' title='bbox 1018 2371 1071 2433; x_wconf 88' lang='lat' dir='ltr'>sed</span> <span class='ocrx_word' id='word_1_60' title='bbox 1081 2372 1150 2437; x_wconf 83' lang='lat' dir='ltr'>inole</span> <span class='ocrx_word' id='word_1_61' title='bbox 1162 2375 1202 2438; x_wconf 91' lang='lat' dir='ltr'>ab</span> 
     </span>
    </p>
   </div>
   <div class='ocr_carea' id='block_1_6' title="bbox 69 2467 1317 3070">
    <p class='ocr_par' dir='ltr' id='par_1_6' title="bbox 69 2467 1317 2758">
     <span class='ocr_line' id='line_1_9' title="bbox 69 2467 1203 2558; baseline -0.002 -19"><span class='ocrx_word' id='word_1_62' title='bbox 69 2524 72 2539; x_wconf 80' lang='grc'>,</span> <span class='ocrx_word' id='word_1_63' title='bbox 119 2474 212 2537; x_wconf 88' lang='lat' dir='ltr'>initiis</span> <span class='ocrx_word' id='word_1_64' title='bbox 226 2492 317 2551; x_wconf 88' lang='lat' dir='ltr'>prope</span> <span class='ocrx_word' id='word_1_65' title='bbox 328 2469 372 2531; x_wconf 90' lang='lat' dir='ltr'>rei</span> <span class='ocrx_word' id='word_1_66' title='bbox 385 2467 519 2547; x_wconf 88' lang='lat' dir='ltr'>pubbcae</span> <span class='ocrx_word' id='word_1_67' title='bbox 532 2473 663 2529; x_wconf 88' lang='lat' dir='ltr'>oratores</span> <span class='ocrx_word' id='word_1_68' title='bbox 675 2467 806 2530; x_wconf 88' lang='lat' dir='ltr'>extitisse</span> <span class='ocrx_word' id='word_1_69' title='bbox 820 2475 944 2534; x_wconf 83' lang='lat' dir='ltr'>constat.</span> <span class='ocrx_word' id='word_1_70' title='bbox 985 2469 1089 2535; x_wconf 82' lang='lat' dir='ltr'>Cicero</span> <span class='ocrx_word' id='word_1_71' title='bbox 1102 2475 1203 2558; x_wconf 83' lang='lat' dir='ltr'>igitur,</span> 
     </span>
     <span class='ocr_line' id='line_1_10' title="bbox 121 2570 1317 2667; baseline 0.003 -28"><span class='ocrx_word' id='word_1_72' title='bbox 121 2577 170 2658; x_wconf 90' lang='lat' dir='ltr'>qui</span> <span class='ocrx_word' id='word_1_73' title='bbox 191 2577 225 2639; x_wconf 91' lang='lat' dir='ltr'>in</span> <span class='ocrx_word' id='word_1_74' title='bbox 242 2571 342 2637; x_wconf 90' lang='lat' dir='ltr'>multis</span> <span class='ocrx_word' id='word_1_75' title='bbox 363 2570 431 2634; x_wconf 91' lang='lat' dir='ltr'>aliis</span> <span class='ocrx_word' id='word_1_76' title='bbox 451 2573 540 2633; x_wconf 88' lang='lat' dir='ltr'>rebus</span> <span class='ocrx_word' id='word_1_77' title='bbox 559 2570 685 2649; x_wconf 88' lang='lat' dir='ltr'>probare</span> <span class='ocrx_word' id='word_1_78' title='bbox 699 2570 822 2659; x_wconf 83' lang='lat' dir='ltr'>studuit,</span> <span class='ocrx_word' id='word_1_79' title='bbox 848 2572 999 2635; x_wconf 84' lang='lat' dir='ltr'>Romanos</span> <span class='ocrx_word' id='word_1_80' title='bbox 1011 2590 1070 2636; x_wconf 90' lang='lat' dir='ltr'>nou</span> <span class='ocrx_word' id='word_1_81' title='bbox 1082 2577 1204 2643; x_wconf 90' lang='lat' dir='ltr'>multum</span> <span class='ocrx_word' id='word_1_82' title='bbox 1309 2660 1317 2667; x_wconf 89' lang='lat'><em>.</em></span> 
     </span>
     <span class='ocr_line' id='line_1_11' title="bbox 124 2672 1205 2758; baseline 0 -19"><span class='ocrx_word' id='word_1_83' title='bbox 124 2679 229 2747; x_wconf 84' lang='lat' dir='ltr'>cedere</span> <span class='ocrx_word' id='word_1_84' title='bbox 244 2674 368 2738; x_wconf 86' lang='lat' dir='ltr'>Graecis</span> <span class='ocrx_word' id='word_1_85' title='bbox 383 2681 434 2736; x_wconf 89' lang='lat' dir='ltr'>ant</span> <span class='ocrx_word' id='word_1_86' title='bbox 449 2693 501 2737; x_wconf 87' lang='lat' dir='ltr'>eos</span> <span class='ocrx_word' id='word_1_87' title='bbox 515 2674 577 2737; x_wconf 90' lang='lat' dir='ltr'>iarn</span> <span class='ocrx_word' id='word_1_88' title='bbox 589 2687 751 2753; x_wconf 77' lang='lat' dir='ltr'>aequasse,</span> <span class='ocrx_word' id='word_1_89' title='bbox 771 2673 798 2735; x_wconf 90' lang='lat' dir='ltr'>si</span> <span class='ocrx_word' id='word_1_90' title='bbox 810 2672 873 2736; x_wconf 91' lang='lat' dir='ltr'>nlla</span> <span class='ocrx_word' id='word_1_91' title='bbox 886 2674 917 2743; x_wconf 90' lang='lat' dir='ltr'>in</span> <span class='ocrx_word' id='word_1_92' title='bbox 930 2695 979 2754; x_wconf 88' lang='lat' dir='ltr'>re,</span> <span class='ocrx_word' id='word_1_93' title='bbox 997 2674 1031 2739; x_wconf 89' lang='lat' dir='ltr'>in</span> <span class='ocrx_word' id='word_1_94' title='bbox 1041 2677 1205 2758; x_wconf 77' lang='lat' dir='ltr'>eloquentia</span> 
     </span>
    </p>

    <p class='ocr_par' dir='ltr' id='par_1_7' title="bbox 120 2761 1205 3070">
     <span class='ocr_line' id='line_1_12' title="bbox 122 2761 1203 2856; baseline 0 -12"><span class='ocrx_word' id='word_1_95' title='bbox 122 2787 201 2844; x_wconf 87' lang='lat' dir='ltr'>certe</span> <span class='ocrx_word' id='word_1_96' title='bbox 213 2779 244 2841; x_wconf 80' lang='lat' dir='ltr'>iol</span> <span class='ocrx_word' id='word_1_97' title='bbox 258 2777 331 2840; x_wconf 87' lang='lat' dir='ltr'>satis</span> <span class='ocrx_word' id='word_1_98' title='bbox 345 2777 538 2841; x_wconf 86' lang='lat' dir='ltr'>demonstrari</span> <span class='ocrx_word' id='word_1_99' title='bbox 551 2796 639 2856; x_wconf 90' lang='lat' dir='ltr'>posse</span> <span class='ocrx_word' id='word_1_100' title='bbox 651 2761 810 2840; x_wconf 86' lang='lat' dir='ltr'>arbitratus</span> <span class='ocrx_word' id='word_1_101' title='bbox 823 2789 876 2846; x_wconf 88' lang='lat' dir='ltr'>est.</span> <span class='ocrx_word' id='word_1_102' title='bbox 918 2776 982 2841; x_wconf 87' lang='lat' dir='ltr'>Neo</span> <span class='ocrx_word' id='word_1_103' title='bbox 998 2784 1095 2843; x_wconf 87' lang='lat' dir='ltr'>tamen</span> <span class='ocrx_word' id='word_1_104' title='bbox 1108 2780 1203 2847; x_wconf 81' lang='lat' dir='ltr'>bisto-</span> 
     </span>
     <span class='ocr_line' id='line_1_13' title="bbox 120 2867 1204 2962; baseline 0.005 -16"><span class='ocrx_word' id='word_1_105' title='bbox 120 2884 199 2946; x_wconf 86' lang='lat' dir='ltr'>riam</span> <span class='ocrx_word' id='word_1_106' title='bbox 217 2867 498 2945; x_wconf 64' lang='lat' dir='ltr'>monumentorum</span> <span class='ocrx_word' id='word_1_107' title='bbox 520 2902 557 2944; x_wconf 85' lang='lat' dir='ltr'>ex</span> <span class='ocrx_word' id='word_1_108' title='bbox 578 2878 687 2944; x_wconf 78' lang='lat' dir='ltr'>Bruto</span> <span class='ocrx_word' id='word_1_109' title='bbox 699 2881 869 2962; x_wconf 86' lang='lat' dir='ltr'>haurimus,</span> <span class='ocrx_word' id='word_1_110' title='bbox 895 2882 948 2944; x_wconf 87' lang='lat' dir='ltr'>sed</span> <span class='ocrx_word' id='word_1_111' title='bbox 960 2881 1101 2946; x_wconf 86' lang='lat' dir='ltr'>maiorem</span> <span class='ocrx_word' id='word_1_112' title='bbox 1116 2885 1204 2951; x_wconf 87' lang='lat' dir='ltr'>etiam</span> 
     </span>
     <span class='ocr_line' id='line_1_14' title="bbox 121 2984 1205 3070; baseline 0.006 -21"><span class='ocrx_word' id='word_1_113' title='bbox 121 2985 149 3049; x_wconf 86' lang='lat' dir='ltr'>is</span> <span class='ocrx_word' id='word_1_114' title='bbox 164 2985 252 3047; x_wconf 86' lang='lat' dir='ltr'>affert</span> <span class='ocrx_word' id='word_1_115' title='bbox 264 2984 422 3048; x_wconf 86' lang='lat' dir='ltr'>utilitatem.</span> <span class='ocrx_word' id='word_1_116' title='bbox 467 2984 542 3048; x_wconf 81' lang='lat' dir='ltr'>Cum</span> <span class='ocrx_word' id='word_1_117' title='bbox 555 2984 632 3049; x_wconf 87' lang='lat' dir='ltr'>enim</span> <span class='ocrx_word' id='word_1_118' title='bbox 642 2992 753 3048; x_wconf 87' lang='lat' dir='ltr'>aetates</span> <span class='ocrx_word' id='word_1_119' title='bbox 766 2994 915 3067; x_wconf 86' lang='lat' dir='ltr'>oratorum</span> <span class='ocrx_word' id='word_1_120' title='bbox 928 2984 1155 3070; x_wconf 77' lang='lat' dir='ltr'>dintinguantur,</span> <span class='ocrx_word' id='word_1_121' title='bbox 1175 2998 1205 3054; x_wconf 85' lang='lat' dir='ltr'>et</span> 
     </span>
    </p>
   </div>
   <div class='ocr_carea' id='block_1_7' title="bbox 72 3086 1219 4209">
    <p class='ocr_par' dir='ltr' id='par_1_8' title="bbox 72 3086 1219 4209">
     <span class='ocr_line' id='line_1_15' title="bbox 122 3086 1209 3168; baseline 0.006 -16"><span class='ocrx_word' id='word_1_122' title='bbox 122 3089 281 3167; x_wconf 79' lang='lat' dir='ltr'>doceatur,</span> <span class='ocrx_word' id='word_1_123' title='bbox 316 3089 429 3168; x_wconf 87' lang='lat' dir='ltr'>quando</span> <span class='ocrx_word' id='word_1_124' title='bbox 454 3086 477 3148; x_wconf 93' lang='lat' dir='ltr'>ii</span> <span class='ocrx_word' id='word_1_125' title='bbox 505 3106 572 3150; x_wconf 88' lang='lat' dir='ltr'>esso</span> <span class='ocrx_word' id='word_1_126' title='bbox 594 3087 742 3166; x_wconf 84' lang='lat' dir='ltr'>coeperint</span> <span class='ocrx_word' id='word_1_127' title='bbox 762 3088 933 3167; x_wconf 88' lang='lat' dir='ltr'>quandoque</span> <span class='ocrx_word' id='word_1_128' title='bbox 952 3091 1042 3152; x_wconf 87' lang='lat' dir='ltr'>rudos</span> <span class='ocrx_word' id='word_1_129' title='bbox 1063 3110 1130 3154; x_wconf 89' lang='lat' dir='ltr'>esse</span> <span class='ocrx_word' id='word_1_130' title='bbox 1150 3095 1209 3157; x_wconf 80' lang='lat' dir='ltr'>ee·-</span> 
     </span>
     <span class='ocr_line' id='line_1_16' title="bbox 72 3182 1208 3274; baseline 0.004 -18"><span class='ocrx_word' id='word_1_131' title='bbox 72 3182 75 3187; x_wconf 62' lang='grc'><strong>’</strong></span> <span class='ocrx_word' id='word_1_132' title='bbox 123 3191 227 3256; x_wconf 85' lang='lat' dir='ltr'>sierint</span> <span class='ocrx_word' id='word_1_133' title='bbox 246 3198 334 3271; x_wconf 88' lang='lat' dir='ltr'>atque</span> <span class='ocrx_word' id='word_1_134' title='bbox 353 3190 529 3274; x_wconf 83' lang='lat' dir='ltr'>elegantiam</span> <span class='ocrx_word' id='word_1_135' title='bbox 548 3197 736 3271; x_wconf 89' lang='lat' dir='ltr'>ornatumque</span> <span class='ocrx_word' id='word_1_136' title='bbox 754 3191 932 3270; x_wconf 86' lang='lat' dir='ltr'>receperint,</span> <span class='ocrx_word' id='word_1_137' title='bbox 953 3208 1013 3253; x_wconf 89' lang='lat' dir='ltr'>non</span> <span class='ocrx_word' id='word_1_138' title='bbox 1027 3193 1208 3261; x_wconf 87' lang='lat' dir='ltr'>solumindo&#39;</span> 
     </span>
     <span class='ocr_line' id='line_1_17' title="bbox 123 3292 1211 3377; baseline 0.004 -18"><span class='ocrx_word' id='word_1_139' title='bbox 123 3293 304 3375; x_wconf 87' lang='lat' dir='ltr'>eloquentiae</span> <span class='ocrx_word' id='word_1_140' title='bbox 329 3292 413 3357; x_wconf 85' lang='lat' dir='ltr'>initia</span> <span class='ocrx_word' id='word_1_141' title='bbox 434 3301 462 3358; x_wconf 90' lang='lat' dir='ltr'>et</span> <span class='ocrx_word' id='word_1_142' title='bbox 488 3312 646 3374; x_wconf 82' lang='lat' dir='ltr'>processus</span> <span class='ocrx_word' id='word_1_143' title='bbox 674 3293 937 3374; x_wconf 80' lang='lat' dir='ltr'>perfectionemque</span> <span class='ocrx_word' id='word_1_144' title='bbox 956 3293 1113 3377; x_wconf 87' lang='lat' dir='ltr'>discimus,</span> <span class='ocrx_word' id='word_1_145' title='bbox 1150 3302 1211 3367; x_wconf 81' lang='lat' dir='ltr'>sed·</span> 
     </span>
     <span class='ocr_line' id='line_1_18' title="bbox 123 3380 1206 3478; baseline 0.006 -17"><span class='ocrx_word' id='word_1_146' title='bbox 123 3417 184 3461; x_wconf 91' lang='lat' dir='ltr'>una</span> <span class='ocrx_word' id='word_1_147' title='bbox 202 3380 291 3459; x_wconf 88' lang='lat' dir='ltr'>simul</span> <span class='ocrx_word' id='word_1_148' title='bbox 312 3398 536 3478; x_wconf 78' lang='lat' dir='ltr'>cognoscimus,</span> <span class='ocrx_word' id='word_1_149' title='bbox 555 3396 672 3477; x_wconf 86' lang='lat' dir='ltr'>quando</span> <span class='ocrx_word' id='word_1_150' title='bbox 685 3395 800 3458; x_wconf 87' lang='lat' dir='ltr'>omnino</span> <span class='ocrx_word' id='word_1_151' title='bbox 816 3396 941 3476; x_wconf 92' lang='lat' dir='ltr'>populus</span> <span class='ocrx_word' id='word_1_152' title='bbox 957 3395 1110 3462; x_wconf 90' lang='lat' dir='ltr'>Romanus</span> <span class='ocrx_word' id='word_1_153' title='bbox 1125 3411 1206 3468; x_wconf 83' lang='lat' dir='ltr'>ortes</span> 
     </span>
     <span class='ocr_line' id='line_1_19' title="bbox 124 3498 1207 3581; baseline 0.006 -17"><span class='ocrx_word' id='word_1_154' title='bbox 124 3510 154 3564; x_wconf 87' lang='lat' dir='ltr'>et</span> <span class='ocrx_word' id='word_1_155' title='bbox 173 3501 288 3564; x_wconf 91' lang='lat' dir='ltr'>litteras</span> <span class='ocrx_word' id='word_1_156' title='bbox 309 3501 475 3581; x_wconf 89' lang='lat' dir='ltr'>acceperit,</span> <span class='ocrx_word' id='word_1_157' title='bbox 500 3500 660 3581; x_wconf 87' lang='lat' dir='ltr'>quibusque</span> <span class='ocrx_word' id='word_1_158' title='bbox 680 3498 771 3560; x_wconf 89' lang='lat' dir='ltr'>initiis</span> <span class='ocrx_word' id='word_1_159' title='bbox 792 3500 853 3563; x_wconf 87' lang='lat' dir='ltr'>orsi</span> <span class='ocrx_word' id='word_1_160' title='bbox 873 3507 962 3564; x_wconf 87' lang='lat' dir='ltr'>totam</span> <span class='ocrx_word' id='word_1_161' title='bbox 978 3508 1005 3565; x_wconf 91' lang='lat' dir='ltr'>et</span> <span class='ocrx_word' id='word_1_162' title='bbox 1017 3502 1164 3579; x_wconf 87' lang='lat' dir='ltr'>publicam</span> <span class='ocrx_word' id='word_1_163' title='bbox 1177 3517 1207 3571; x_wconf 90' lang='lat' dir='ltr'>et</span> 
     </span>
     <span class='ocr_line' id='line_1_20' title="bbox 123 3601 1207 3684; baseline 0.004 -17"><span class='ocrx_word' id='word_1_164' title='bbox 123 3602 270 3684; x_wconf 84' lang='lat' dir='ltr'>privatam</span> <span class='ocrx_word' id='word_1_165' title='bbox 293 3601 384 3667; x_wconf 85' lang='lat' dir='ltr'>uitam</span> <span class='ocrx_word' id='word_1_166' title='bbox 416 3603 605 3669; x_wconf 85' lang='lat' dir='ltr'>excoluerint.</span> <span class='ocrx_word' id='word_1_167' title='bbox 660 3601 834 3683; x_wconf 86' lang='lat' dir='ltr'>Eloquentia</span> <span class='ocrx_word' id='word_1_168' title='bbox 853 3604 931 3667; x_wconf 87' lang='lat' dir='ltr'>enirn</span> <span class='ocrx_word' id='word_1_169' title='bbox 952 3605 1030 3684; x_wconf 85' lang='lat' dir='ltr'>apul</span> <span class='ocrx_word' id='word_1_170' title='bbox 1052 3606 1207 3677; x_wconf 81' lang='lat' dir='ltr'>Romanos</span> 
     </span>
     <span class='ocr_line' id='line_1_21' title="bbox 124 3705 1208 3788; baseline 0.006 -19"><span class='ocrx_word' id='word_1_171' title='bbox 124 3705 254 3769; x_wconf 89' lang='lat' dir='ltr'>omnium</span> <span class='ocrx_word' id='word_1_172' title='bbox 274 3706 381 3771; x_wconf 87' lang='lat' dir='ltr'>artium</span> <span class='ocrx_word' id='word_1_173' title='bbox 402 3707 497 3787; x_wconf 86' lang='lat' dir='ltr'>prima</span> <span class='ocrx_word' id='word_1_174' title='bbox 511 3707 582 3788; x_wconf 90' lang='lat' dir='ltr'>fnit,</span> <span class='ocrx_word' id='word_1_175' title='bbox 611 3713 643 3768; x_wconf 94' lang='lat' dir='ltr'>ut</span> <span class='ocrx_word' id='word_1_176' title='bbox 659 3722 733 3786; x_wconf 90' lang='lat' dir='ltr'>quae</span> <span class='ocrx_word' id='word_1_177' title='bbox 745 3706 821 3770; x_wconf 90' lang='lat' dir='ltr'>bello</span> <span class='ocrx_word' id='word_1_178' title='bbox 835 3706 946 3769; x_wconf 89' lang='lat' dir='ltr'>Punico</span> <span class='ocrx_word' id='word_1_179' title='bbox 960 3709 1089 3771; x_wconf 87' lang='lat' dir='ltr'>secundo</span> <span class='ocrx_word' id='word_1_180' title='bbox 1102 3726 1208 3783; x_wconf 81' lang='lat' dir='ltr'>nornen</span> 
     </span>
     <span class='ocr_line' id='line_1_22' title="bbox 124 3808 1209 3896; baseline 0.004 -22"><span class='ocrx_word' id='word_1_181' title='bbox 124 3808 372 3882; x_wconf 77' lang='lat' dir='ltr'>etauctoritatem</span> <span class='ocrx_word' id='word_1_182' title='bbox 391 3811 504 3875; x_wconf 87' lang='lat' dir='ltr'>babere</span> <span class='ocrx_word' id='word_1_183' title='bbox 523 3811 681 3890; x_wconf 88' lang='lat' dir='ltr'>inciperet,</span> <span class='ocrx_word' id='word_1_184' title='bbox 704 3816 733 3885; x_wconf 74' lang='lat' dir='ltr'>et</span> <span class='ocrx_word' id='word_1_185' title='bbox 748 3808 835 3873; x_wconf 89' lang='lat' dir='ltr'>simul</span> <span class='ocrx_word' id='word_1_186' title='bbox 858 3818 972 3873; x_wconf 88' lang='lat' dir='ltr'>ceteras</span> <span class='ocrx_word' id='word_1_187' title='bbox 987 3830 1098 3892; x_wconf 89' lang='lat' dir='ltr'>quoqne</span> <span class='ocrx_word' id='word_1_188' title='bbox 1116 3823 1209 3896; x_wconf 84' lang='lat' dir='ltr'>ortes,</span> 
     </span>
     <span class='ocr_line' id='line_1_23' title="bbox 73 3913 1208 3996; baseline 0.003 -18"><span class='ocrx_word' id='word_1_189' title='bbox 73 3946 77 3955; x_wconf 94' lang='lat'>·</span> <span class='ocrx_word' id='word_1_190' title='bbox 126 3933 200 3996; x_wconf 88' lang='lat' dir='ltr'>quae</span> <span class='ocrx_word' id='word_1_191' title='bbox 214 3921 338 3977; x_wconf 85' lang='lat' dir='ltr'>cunctae</span> <span class='ocrx_word' id='word_1_192' title='bbox 353 3914 502 3979; x_wconf 89' lang='lat' dir='ltr'>artissimo</span> <span class='ocrx_word' id='word_1_193' title='bbox 517 3916 593 3979; x_wconf 92' lang='lat' dir='ltr'>inter</span> <span class='ocrx_word' id='word_1_194' title='bbox 607 3934 641 3977; x_wconf 91' lang='lat' dir='ltr'>se</span> <span class='ocrx_word' id='word_1_195' title='bbox 653 3915 826 3977; x_wconf 89' lang='lat' dir='ltr'>coniunctae</span> <span class='ocrx_word' id='word_1_196' title='bbox 840 3920 906 3975; x_wconf 92' lang='lat' dir='ltr'>sunt</span> <span class='ocrx_word' id='word_1_197' title='bbox 920 3913 1059 3994; x_wconf 84' lang='lat' dir='ltr'>viuculo,</span> <span class='ocrx_word' id='word_1_198' title='bbox 1078 3927 1208 3981; x_wconf 82' lang='lat' dir='ltr'>moueret</span> 
     </span>
     <span class='ocr_line' id='line_1_24' title="bbox 126 4016 1207 4101; baseline 0.002 -19"><span class='ocrx_word' id='word_1_199' title='bbox 126 4026 156 4082; x_wconf 91' lang='lat' dir='ltr'>et</span> <span class='ocrx_word' id='word_1_200' title='bbox 174 4019 326 4086; x_wconf 87' lang='lat' dir='ltr'>excitaret.</span> <span class='ocrx_word' id='word_1_201' title='bbox 358 4018 453 4083; x_wconf 39' lang='lat' dir='ltr'>,Hune</span> <span class='ocrx_word' id='word_1_202' title='bbox 476 4018 567 4101; x_wconf 84' lang='lat' dir='ltr'>igitur</span> <span class='ocrx_word' id='word_1_203' title='bbox 585 4017 694 4082; x_wconf 90' lang='lat' dir='ltr'>librum</span> <span class='ocrx_word' id='word_1_204' title='bbox 706 4016 827 4080; x_wconf 86' lang='lat' dir='ltr'>maximi</span> <span class='ocrx_word' id='word_1_205' title='bbox 849 4036 916 4080; x_wconf 88' lang='lat' dir='ltr'>esse</span> <span class='ocrx_word' id='word_1_206' title='bbox 933 4017 1020 4096; x_wconf 88' lang='lat' dir='ltr'>pretii</span> <span class='ocrx_word' id='word_1_207' title='bbox 1038 4018 1098 4083; x_wconf 82' lang='lat' dir='ltr'>ia&#39;m</span> <span class='ocrx_word' id='word_1_208' title='bbox 1115 4038 1153 4083; x_wconf 84' lang='lat' dir='ltr'>ex</span> <span class='ocrx_word' id='word_1_209' title='bbox 1171 4040 1207 4084; x_wconf 87' lang='lat' dir='ltr'>eo</span> 
     </span>
     <span class='ocr_line' id='line_1_25' title="bbox 127 4119 1219 4209; baseline 0.002 -24"><span class='ocrx_word' id='word_1_210' title='bbox 127 4119 319 4205; x_wconf 75' lang='lat' dir='ltr'>intelligitur,</span> <span class='ocrx_word' id='word_1_211' title='bbox 341 4124 417 4205; x_wconf 81' lang='lat' dir='ltr'>quod</span> <span class='ocrx_word' id='word_1_212' title='bbox 428 4122 542 4190; x_wconf 78' lang='lat' dir='ltr'>nullutn</span> <span class='ocrx_word' id='word_1_213' title='bbox 562 4121 642 4188; x_wconf 80' lang='lat' dir='ltr'>aliud</span> <span class='ocrx_word' id='word_1_214' title='bbox 657 4119 761 4195; x_wconf 82' lang='lat' dir='ltr'>&#39;existit</span> <span class='ocrx_word' id='word_1_215' title='bbox 781 4127 1010 4201; x_wconf 83' lang='lat' dir='ltr'>monumentum,</span> <span class='ocrx_word' id='word_1_216' title='bbox 1024 4142 1072 4209; x_wconf 35' lang='lat' dir='ltr'>,ex</span> <span class='ocrx_word' id='word_1_217' title='bbox 1085 4142 1141 4204; x_wconf 93' lang='lat' dir='ltr'>quo</span> <span class='ocrx_word' id='word_1_218' title='bbox 1157 4142 1219 4197; x_wconf 57' lang='lat' dir='ltr'>coa⁴</span> 
     </span>
    </p>
   </div>
   <div class='ocr_carea' id='block_1_8' title="bbox 0 0 1358 4748">
    <p class='ocr_par' dir='ltr' id='par_1_9' title="bbox 0 0 1358 4748">
     <span class='ocr_line' id='line_1_26' title="bbox 0 0 1358 4748; baseline 0 0"><span class='ocrx_word' id='word_1_219' title='bbox 0 0 1358 4748; x_wconf 95' lang='lat' dir='ltr'> </span> 
     </span>
    </p>
   </div>
  </div>
 </body>
</html>
