2676 4748
611 348 697 442 cap.
719 352 774 421 16.
1195 328 1240 425 di
1327 361 1330 368 '

153 539 276 608 consul
294 560 380 611 anno
401 526 529 606 decimo
542 545 624 633 poet
640 542 776 606 exactos
788 555 885 620 reges
898 526 974 605 tuit
1018 533 1074 608 ot
1096 534 1238 611 Catonis

154 637 267 707 autern
285 629 456 698 orationes
474 648 541 721 non
560 627 670 695 minue
686 626 813 694 multae
826 625 897 692 iere
913 630 993 694 eunt
1006 647 1107 716 quem
1122 631 1238 703 Attici

223 807 321 859 eonem
335 806 419 866 enno]
442 805 488 856 sic
504 806 546 857 ed.
560 816 601 868 pr.
618 802 736 856 consule
747 814 824 854 anno
840 802 905 854 ilrn.
1157 820 1160 825 ·

222 881 268 930 63.
301 879 403 929 multae
414 876 488 938 iere]
511 873 558 928 Sto
573 873 616 926 ed
627 887 669 938 pr.
694 873 779 926 Deest
791 872 858 936 tere
871 872 905 926 D.
929 873 1039 927 mulce
1050 885 1140 927 ceree
1154 876 1220 931 Era

207 1036 253 1085 63.
286 1030 411 1092 catonis]
435 1034 472 1082 bi.
485 1027 679 1082 Porciuscato
721 1036 781 1093 tur,
804 1039 864 1076 cum
884 1026 956 1078 inira
973 1039 997 1078 c.
1011 1027 1060 1093 85,
1077 1031 1138 1080 293.
1167 1031 1241 1083 Atti-

155 1105 234 1153 iromo
256 1112 344 1153 novus
363 1113 482 1151 summos
502 1102 615 1162 adeptus
636 1106 680 1148 est
722 1110 784 1147 cum
809 1096 895 1146 iaciat
921 1097 1045 1147 severius
1063 1097 1241 1163 interpellau-

156 1173 287 1236 honores,
305 1177 333 1219 et
347 1182 408 1222 cum
418 1170 502 1220 rebem
517 1168 603 1232 gestis
623 1175 680 1219 tum
722 1170 792 1216 teni:
814 1164 956 1228 Equidem
973 1166 1004 1216 in
1017 1165 1183 1232 quibasdam
1195 1169 1242 1220 ri*

155 1240 481 1304 ingenioatquescriptis,
498 1248 609 1300 quorum
620 1248 680 1286 me·
721 1233 843 1287 samaia
853 1234 991 1300 tenebam,
1008 1238 1243 1302 cnmAtte'coLye

156 1310 244 1360 moria
263 1321 405 1371 numquam
424 1320 535 1369 prorsus
559 1305 680 1371 evanuit,
721 1303 783 1354 riae
794 1303 931 1354 Catonem
944 1304 1078 1359 nostrum
1090 1320 1243 1372 compera-

156 1379 304 1431 maximam
324 1385 486 1429 consecutus
504 1378 613 1429 lamam.
647 1375 680 1425 iu
721 1373 789 1438 bus,
818 1385 952 1440 meyerum
970 1374 1133 1429 mehercule
1150 1378 1242 1429 borni-

122 1470 124 1477 s
156 1447 301 1511 republica
313 1442 392 1496 Fabii
405 1444 575 1496 cunctatoris
588 1448 682 1506 partes
723 1438 805 1508 dem,
822 1442 977 1506 celnott‘os
988 1448 1243 1499 sunrrnnmetsin·

156 1518 227 1568 adeo
247 1521 358 1566 secutus
372 1523 432 1580 est,
457 1521 488 1564 ut
500 1526 562 1564 cnm
575 1525 608 1564 eo
621 1511 683 1564 sei·
723 1512 854 1579 pnlarem
866 1510 964 1562 cirum
970 1524 983 1571 ‚·
1007 1526 1089 1565 uerno
1103 1516 1181 1567 dicet
1194 1530 1244 1578 seq·
1271 1514 1274 1519 ’

158 1585 255 1650 pioncs
270 1585 386 1647 infestos
400 1583 526 1647 baberet3
542 1581 681 1633 inlitterie
723 1593 791 1630 cns:
812 1579 864 1630 aed
885 1576 1055 1632 oratorem?
1084 1586 1136 1636 sed
1157 1587 1245 1637 etlam

158 1653 338 1719 eloquentiam
351 1659 490 1714 tantopere
503 1651 638 1718 provexit,
652 1654 683 1700 ut
722 1641 975 1712 tremescentem?
1006 1653 1246 1706 Namexcusatio·

157 1721 219 1773 inre
237 1722 334 1772 merito
353 1723 492 1773 Romanae
512 1719 682 1784 eloquentiae
723 1726 786 1769 nem
797 1719 1003 1770 Westermanui
1016 1721 1035 1771 i.
1047 1722 1066 1770 i.
1084 1736 1111 1783 p.
1124 1722 1167 1775 51.
1184 1723 1245 1786 opi.

159 1797 239 1855 peter
258 1790 402 1841 diceretur.
435 1770 525 1841 Habet
542 1791 602 1840 eius
621 1801 682 1842 ser·
723 1786 815 1838 nentis
826 1786 916 1849 priore
928 1789 989 1838 loco
1004 1789 1245 1856 sententiesqbas-

158 1871 219 1926 mo,
243 1859 439 1923 quemquamst
454 1872 515 1911 cum
529 1858 620 1910 Plauti
633 1870 684 1922 aee
725 1858 787 1908 dam
801 1856 991 1924 controversas
1006 1862 1034 1909 et
1048 1862 1185 1920 paradoxa
1202 1860 1247 1914 ie·

159 1928 252 1994 qualis
260 1936 438 1995 comparetur,
455 1922 607 1995 ru'diorest,
623 1936 684 1979 ma·-
726 1923 813 1993 ctari,
833 1933 864 1977 ut
877 1924 1001 1993 Atticus,
1024 1939 1059 1977 uc
1073 1937 1174 1981 mutarn
1189 1931 1246 1981 sci-

159 2010 229 2062 gnae
240 1997 295 2050 iam
305 1997 381 2048 vires
399 2005 478 2061 atque
485 1997 595 2048 lumina.
612 1996 684 2048 Ora·
724 1994 791 2046 licet
810 1999 954 2056 personam
974 2004 1109 2064 tueretur,
1135 1999 1247 2050 baberet

160 2069 271 2134 tionum,
283 2080 351 2130 quas
359 2077 468 2117 numero
473 2067 604 2128 plurimas
613 2065 685 2116 scri·
725 2063 891 2128 aliquantum
903 2065 972 2128 quod
986 2074 1145 2133 reponeret,
1167 2080 1247 2120 nemo

160 2136 234 2201 psit,
257 2148 370 2200 quarum
386 2136 415 2185 in
428 2134 599 2198 Fragmentis
612 2135 684 2188 Ora-
724 2143 779 2184 nou
797 2133 924 2197 iutelligit
941 2133 1040 2187 misere
1059 2134 1160 2200 frigere
1174 2143 1202 2187 et
1213 2137 1248 2191 ait

160 2202 251 2256 toruin
267 2219 295 2268 p.
309 2206 434 2256 16-92.
455 2202 586 2269 reliqdias
598 2205 684 2277 colie-
725 2201 864 2255 ciceronis
881 2202 1011 2254 institutis
1022 2208 1134 2266 prorsus
1148 2206 1248 2260 abhor-

149 2275 191 2339 Δςί
220 2273 488 2332 (ctwestermann.
510 2274 608 2325 (tescit.
635 2275 685 2337 der
726 2279 796 2327 rere·
830 2270 933 2324 Verum
951 2272 1055 2325 arbiter
1074 2273 1122 2325 ille
1142 2274 1249 2330 dicendi

163 2344 326 2395 itdmiscben
341 2343 546 2394 Beredsamkeit
567 2342 595 2405 S.
609 2340 684 2395 23-
726 2341 980 2405 perspicacissimus
1007 2343 1072 2407 quid
1107 2345 1269 2412 spectarit„

163 2414 209 2464 27.
222 2411 332 2476 Beilage
339 2415 389 2478 1.),
406 2412 553 2477 nonaginta
564 2414 623 2463 iere
634 2421 685 2462 uo-
726 2411 798 2461 baud
827 2411 942 2482 obscure
967 2410 1134 2475 significavit
1156 2413 1249 2464 Attico

164 2481 254 2532 titium
265 2482 428 2544 accepimus.
453 2482 526 2542 Quos
540 2480 588 2531 ille
602 2491 686 2543 praee
726 2480 891 2540 respondens
906 2477 1001 2538 &298-
1028 2475 1249 2535 orornamenta

165 2558 245 2601 terea
260 2549 343 2601 libros
363 2551 537 2620 composuit,
552 2562 600 2600 eos
614 2558 686 2599 nunc
726 2548 796 2598 sont
808 2539 877 2598 libri
886 2551 950 2598 cam
962 2547 1104 2615 allorum,
1127 2553 1190 2601 tum
1200 2550 1249 2602 e'n···

164 2630 221 2671 non
237 2617 331 2669 attinet
348 2632 515 2670 enumerare.
558 2617 687 2681 [Constat
724 2614 830 2684 primis
848 2614 975 2684 Catonis.
1013 2617 1161 2684 Intelle'pes
1178 2619 1251 2683 nibal

164 2688 323 2741 ciceronem
334 2688 480 2740 incanonis
490 2683 610 2739 uirtutes
623 2695 687 2738 tan·
727 2685 806 2737 iuius
817 2684 998 2741 lineamentis
1010 2687 1068 2736 nist
1085 2700 1187 2741 eorum
1202 2688 1251 2754 ni.-

110 2802 118 2827 ,
163 2770 245 2822 quam
262 2758 456 2823 grauissimum
473 2760 613 2822 exemplar
628 2754 687 2821 pri-
728 2757 928 2825 pntentornm,
952 2768 1026 2823 qnae
1040 2755 1159 2810 incanta
1178 2771 1252 2810 non-

164 2839 230 2878 scae
248 2826 414 2876 fortitudinis
435 2835 463 2878 et
484 2824 618 2878 libertatis
642 2825 687 2876 in·
728 2827 797 2877 dnm
823 2828 926 2893 erant,
952 2826 1056 2894 florent
1074 2829 1105 2879 et
1125 2827 1252 2887 colorent

164 2894 236 2947 tueri
250 2894 369 2945 solitum.
395 2898 446 2946 Sed
458 2907 491 2946 eo
505 2894 687 2949 venerationis
728 2893 869 2964 descisse.
887 2897 963 2956 Quae
979 2895 1047 2949 satis
1060 2904 1176 2961 arguunt
1187 2899 1251 2958 ian-

164 2977 355 3030 progressum,
380 2972 410 3014 nt
432 2964 608 3032 Catonianam
627 2966 687 3015 elo·
729 2964 863 3016 dationem
883 2963 1009 3030 (latonia,
1037 2966 1154 3017 oratorio
1172 2968 1251 3019 modo

165 3035 303 3098 quentiam
316 3043 343 3084 et
355 3034 514 3085 facultatem
528 3036 612 3086 tantis
624 3036 687 3085 iau·
729 3041 890 3101 tumentem,
915 3047 968 3085 non
991 3033 1046 3086 alio
1060 3035 1172 3086 consilio
1186 3049 1252 3099 pro-⁴·

164 3104 244 3154 dibus
259 3104 401 3167 obrueret,
420 3104 480 3166 quis
492 3105 575 3154 iaciie
589 3115 688 3155 conce·
729 3102 808 3170 poni,
825 3110 904 3166 quain
917 3111 947 3154 ut
959 3104 1073 3154 Rotnani
1084 3105 1252 3157 concitentur

166 3174 229 3239 dat,
246 3173 299 3223 nisi
311 3172 357 3236 qui
369 3173 507 3223 Ciceronis
519 3174 606 3224 aciem
621 3177 689 3235 pire·-
729 3174 763 3225 ad
781 3175 940 3225 recolendas
957 3172 1069 3224 catonis
1082 3174 1189 3226 litteras
1203 3187 1253 3228 ea·

164 3242 210 3293 rili
241 3243 357 3305 quadam
388 3243 578 3304 superstitione
605 3253 689 3308 proe—
729 3248 841 3304 rumque
854 3248 1067 3311 contemptores,
1092 3251 1190 3296 vetera
1206 3245 1254 3298 ia-

150 3310 264 3374 ‘stringi
282 3310 405 3374 potuisse
425 3304 591 3363 crediderit?
624 3310 689 3374 lpse
730 3311 843 3362 stidiose
869 3317 1045 3378 spernentes»,
1074 3315 1250 3374 repellantur.

165 3386 257 3430 tamen
278 3379 338 3429 eius
355 3371 524 3433 horridulus
540 3379 690 3432 orationes
730 3380 860 3432 Catonem
867 3391 934 3432 vero
944 3380 1085 3444 permagnis
1093 3381 1189 3432 animis
1201 3396 1253 3436 ex·

166 3448 243 3498 orat.
255 3447 299 3499 45.
318 3450 421 3512 carpit3
443 3451 565 3515 idemque
579 3449 690 3502 Catonis
731 3451 888 3516 callentem,
907 3449 950 3500 ita
966 3451 1060 3507 rudem
1079 3450 1109 3501 in
1125 3452 1197 3502 omni
1208 3453 1252 3503 di-

166 3517 375 3584 eloqnenttnm,
403 3521 557 3570 rectissimo
583 3521 689 3583 quidem
732 3519 830 3581 ctionis
857 3517 989 3584 artificio,
1022 3519 1050 3568 in
1078 3520 1253 3585 dispositione

166 3586 281 3652 indicio,
322 3594 413 3637 monet
443 3591 556 3640 tuntum
585 3588 691 3658 fnisse,
735 3588 923 3655 senectuteque
943 3589 1137 3656 membrorum,
1160 3591 1189 3641 in
1209 3591 1255 3642 in·

166 3657 306 3733 quantam
317 3656 368 3707 ille
384 3659 515 3722 tempora
533 3660 621 3725 atque
638 3659 691 3708 illa
732 3657 880 3724 veniendo,
898 3656 999 3709 breves
1012 3666 1040 3709 et
1052 3659 1175 3709 concisos
1189 3672 1255 3729 sen-

166 3727 249 3794 netas
268 3725 300 3774 in
320 3726 454 3777 Romanu
465 3729 585 3779 civitate
604 3728 690 3794 ferre
733 3739 781 3776 sus
801 3730 883 3789 paulo
900 3727 1025 3780 acerbius
1043 3741 1106 3778 esse
1124 3735 1257 3780 sectatum

166 3794 325 3853 mmmmm
335 3797 486 3864 potnerit,
504 3799 536 3846 de
549 3799 595 3850 Or.
608 3799 632 3864 1,
646 3795 690 3846 38.
732 3797 873 3858 apparebit
897 3799 945 3849 vei
970 3795 1084 3861 intuenti
1103 3798 1256 3861 fragmenta
1284 3795 1287 3805 '

138 3876 142 3883 ’
167 3876 218 3914 nec
240 3865 332 3915 debuit
349 3868 431 3916 aliter
450 3867 566 3933 sentire,
590 3865 615 3916 si
628 3864 690 3930 qui·
732 3865 935 3934 copiosissima,
954 3878 1023 3937 quae
1038 3864 1145 3916 Gellius
1159 3863 1212 3932 111,
1224 3866 1254 3918 7.

167 3934 229 3984 dem
259 3940 387 3986 constare
417 3935 470 3985 sibi
497 3937 600 4002 vellet,
644 3934 690 3997 qni
732 3934 805 4000 vll,
828 3939 854 3986 3.
881 3934 1014 3988 servavit.
1052 3935 1093 3985 De
1111 3946 1256 3995 comparas
1317 3945 1324 3957 ·

168 4000 300 4069 Gracchi,
320 4003 430 4070 Crassi,
448 4004 602 4070 Hortensii,
620 4005 691 4054 alio·
733 4003 805 4054 tione
818 4007 937 4070 Lysiae,
957 4004 1037 4068 quam
1049 4003 1130 4054 etiam
1144 4003 1255 4055 Plutar-

166 4082 228 4122 rum
266 4073 364 4124 merita
402 4075 486 4137 probe
516 4070 691 4125 meminisset.
733 4076 799 4122 chris
808 4073 866 4126 Cat.
874 4077 900 4128 7.
913 4074 1256 4141 imdoaoceperatquam·

168 4139 240 4201 onie
258 4142 329 4204 'quod
348 4154 440 4192 secum
455 4156 576 4207 pugnare
590 4148 692 4205 suaque
734 4155 786 4205 que
804 4144 992 4205 Plinius-llpp
1011 4141 1042 4206 1,
1060 4141 1107 4194 20.
1127 4141 1256 4195 arrisisse

162 4210 278 4280 emma,
295 4211 364 4275 quod
377 4212 468 4280 aiunt,
486 4214 601 4266 caedere
612 4211 691 4263 videa
734 4212 893 4278 quibusdan
912 4208 1080 4344 autiq‘tiitg'tie
1106 4206 1257 4268 mutatoria
