2676 4748
104 422 108 427 ¹
146 338 207 386 m
457 416 460 422 .
517 312 866 392 raauoauro.

99 590 102 596 ἱ
143 505 241 575 roais
268 469 465 589 singulatim
492 504 651 592 persequi
670 508 784 573 volent
803 512 841 575 et
858 507 900 575 in'
913 504 1074 575 iudicium
1094 496 1232 575 revoca·

147 629 201 674 re:
230 628 296 689 uon
314 607 401 673 euim
424 607 551 674 suflicit
565 614 604 674 ut
619 610 754 677 uomina
769 610 923 698 vitasque
938 613 1108 680 oratorum
1127 610 1233 677 nimia
1260 676 1264 683 ,

9 742 12 747 ·
146 710 299 799 quumvis
324 711 421 797 copia
451 711 751 778 circumfluentium
779 720 971 797 teneamus,
1004 715 1080 801 sed·
1095 712 1233 780 accedat

73 885 76 893 ⁴
144 816 250 891 etlam
271 811 530 897 diligentissima
549 815 671 882 notitia
700 837 776 882 eum
806 802 1058 908 institutorum,
1088 839 1231 905 qnorum

145 940 230 987 usus
249 917 401 991 etcolor
421 917 456 982 iu
475 919 704 985 voluntatibus
728 927 764 986 et
783 919 895 987 forma
912 921 1061 989 virorum
1075 922 1234 1008 eloquen-

115 1042 118 1047 ·
145 1019 355 1101 tissimorum
376 1026 612 1106 spectaretur,
634 1026 707 1088 tum
721 1023 937 1090 consiliorum
955 1045 994 1089 ac
1006 1024 1048 1092 de
1065 1033 1138 1091 arte
1155 1025 1234 1090 rho.-

145 1124 253 1201 torioa
291 1127 568 1210 praeceptorum,
603 1141 691 1206 quae
721 1122 841 1191 Cicero
869 1126 958 1191 solet
990 1125 1026 1190 iu
1059 1123 1233 1209 exigendis

145 1225 323 1312 utriusque
345 1225 462 1310 populi
476 1221 679 1293 dictionibus
698 1222 796 1308 sequi
813 1223 954 1309 suisque
973 1226 1160 1314 propositis
1180 1224 1233 1289 ita
1262 1298 1267 1308 ι

145 1339 351 1419 temperare,
386 1331 426 1390 ut
445 1330 613 1397 oratorem
635 1323 821 1414 principem
845 1342 1007 1411 agnoscas
1019 1320 1063 1394 in
1083 1327 1159 1392 luce
1179 1327 1233 1393 lo·

144 1433 238 1505 reusi
252 1430 468 1497 nutritum'et
482 1427 671 1516 aequalium
685 1425 798 1495 studia
812 1427 1057 1512 moderantem,
1077 1451 1143 1505 uon
1159 1451 1232 1496 maa

144 1536 292 1622 gistrum
311 1529 479 1619 quendam
499 1550 540 1598 ex
559 1529 766 1597 umbraculis
780 1530 854 1598 ludi
865 1541 1094 1620 progressum.
1135 1531 1233 1601 Haec

146 1647 184 1707 et
198 1632 331 1720 ‚similia
354 1634 490 1721 negotia
509 1635 648 1702 temetsi
665 1633 811 1702 iucunde
832 1642 976 1725 possunt
998 1637 1104 1705 otium
1125 1636 1231 1704 iuter-

144 1742 254 1832 pratis
271 1757 427 1830 pascere,
454 1759 552 1826 quam
565 1737 660 1807 iuvet
675 1736 792 1806 doetus
808 1740 1021 1827 antiquitatis
1036 1740 1135 1808 orbes
1152 1758 1232 1829 perr·

145 1843 264 1931 uagari
283 1864 463 1931 eorumque
481 1842 613 1908 fructus
634 1841 793 1909 liberiore
809 1865 912 1910 cursu
928 1841 1129 1931 degustare,
1157 1866 1232 1910 mn·

145 1946 285 2017 aeribus
303 1955 415 2013 tamen
433 1945 523 2011 iuter
543 1963 588 2012 sa'
602 1945 739 2034 partitis
761 1945 910 2015 editores
934 1969 1022 2015 nuuc
1044 1949 1231 2015 orationem

145 2059 309 2142 quantum
329 2050 430 2117 licuit
448 2049 597 2117 satiatam
616 2051 843 2139 explicarunt,
872 2074 960 2119 nune
982 2051 1026 2118 ad
1045 2051 1231 2119 enarratio:
1269 2134 1272 2141 Ι

112 2202 120 2225 ‚
147 2175 223 2241 uem
247 2153 372 2221 veteris
394 2153 577 2228 ,memoriae
600 2153 840 2244 facundiaeque
858 2155 1030 2223 Romanae
1052 2175 1128 2222 sese
1151 2173 1232 2221 cous

145 2260 313 2345 trrleruut.
354 2253 428 2325 Nec
451 2277 593 2346 prorsus
615 2259 760 2327 alienum
775 2260 818 2326 alr
830 2260 949 2328 horum
968 2265 1060 2327 saeta
1078 2280 1116 2325 ae
1132 2279 1232 2348 prae-
1267 2274 1270 2278 ’

146 2362 223 2449 huit
241 2361 351 2428 Hear.
364 2359 537 2448 Meyerue,
560 2360 658 2429 euius
679 2382 741 2448 ego
757 2363 962 2450 singularem
977 2361 1180 2431 industriam
1196 2369 1232 2430 et

146 2464 366 2557 cupiditatem
388 2460 430 2543 do
453 2464 583 2533 litteris
598 2463 732 2535 Latinis
751 2466 842 2539 [bero
862 2466 1078 2556 modesteque
1098 2487 1232 2557 prome·

92 2564 96 2569 ’
146 2570 246 2649 randi
269 2568 381 2649 libens
401 2570 556 2658 intelligo
579 2571 756 2659 magnique
781 2575 936 2644 aestimo.
986 2570 1055 2639 Sed
1073 2593 1147 2639 eum
1169 2571 1231 2638 illa

146 2671 337 2768 peculiares
354 2673 517 2762 quasdam
530 2681 647 2762 partes
660 2675 728 2741 silai
740 2672 941 2759 delegisset,
960 2674 1134 2760 inquibus
1150 2694 1230 2760 opes

146 2802 220 2851 ram
239 2776 406 2846 eruditam
417 2783 703 2857 annumerasset
716 2777 922 2863 provinciam
939 2797 959 2841 a
972 2775 1144 2865 prioribus
1158 2768 1241 2839 tra·'

146 2860 254 2955 ditum
270 2879 368 2969 quasi
381 2879 625 2969 supplementis
638 2876 904 2965 redintegraret:
929 2877 1040 2944 effecit
1053 2882 1093 2943 nt
1111 2875 1154 2942 ab
1168 2878 1230 2946 hac

147 2985 378 3069 Bibliothecae
398 2981 559 3051 Halousis
576 2981 788 3073 professione
814 2982 950 3071 paulum
978 2980 1159 3048 descivisse
1179 2981 1232 3050 vi·

147 3090 286 3161 daretur
306 3084 458 3174 locisque
476 3080 568 3154 laud
586 3085 722 3175 paucis,
759 3106 846 3174 quos
866 3083 903 3151 in
925 3082 1073 3152 editione
1093 3106 1232 3176 separa-

146 3198 210 3267 tim
231 3193 387 3277 evulgata
408 3190 463 3258 vix
484 3187 771 3271 desideraremus,
797 3188 908 3257 miuus
931 3210 1004 3257 eam
1025 3190 1232 3279 implevisse.

148 3298 261 3388 Quam
284 3295 372 3363 euim
393 3295 567 3363 materiam
582 3293 895 3362 commentariorum
911 3296 1155 3376 transmiserit,
1175 3317 1233 3362 re-

146 3399 266 3494 petitis
279 3398 381 3465 etiam
397 3398 490 3466 euris
501 3399 797 3487 collocupletatam
812 3399 919 3483 magis
933 3419 1032 3486 ιιιιιιιιι
1049 3399 1234 3486 amplitica-

147 3512 238 3583 tam,
265 3498 452 3568 faciendum
474 3509 529 3569 est
548 3510 588 3570 nt
607 3501 756 3569 breviter
776 3507 1001 3569 monstreturr
1028 3522 1070 3567 re
1082 3503 1159 3588 quis
1178 3508 1234 3568 to·

148 3610 220 3677 tius
241 3604 368 3692 negotii
384 3607 490 3674 meina
505 3609 609 3674 moris
622 3604 760 3692 ignarus
773 3605 1008 3699 necessitatem
1024 3602 1233 3673 additamen-

148 3720 262 3781 torum
288 3729 308 3774 a
328 3728 381 3775 me
406 3710 628 3796 significatam
650 3710 780 3779 frustra
799 3707 921 3776 iactari
940 3715 1000 3775 aut
1020 3707 1233 3778 ambitiosius

147 3818 347 3905 usurpatam
391 3812 596 3901 suspicetur.
659 3810 808 3883 criticae
842 3811 978 3902 quidem
1011 3813 1262 3903 expositionis

149 3918 282 3987 tantum
313 3913 449 3998 aderat,
481 3924 644 4004 quantum
670 3915 852 4011 seripturis
872 3914 1087 4007 potissimum
1111 3915 1234 3985 editio-

149 4022 204 4091 uie
226 4019 411 4109 principis,
446 4017 567 4087 deiude
584 4020 739 4093 codicum
758 4029 795 4089 et
813 4020 1051 4110 exemplarium
1070 4021 1236 4107 insignio·

151 4146 247 4207 rum,
278 4144 381 4212 porro
399 4123 590 4192 nominibus
610 4127 835 4195 coniectorum
856 4123 1076 4215 decerpendis
1098 4124 1235 4191 suffice-

152 4235 228 4313 ret,
253 4225 443 4297 iuuenibus
462 4226 609 4297 strictim
632 4227 774 4300 ausam
796 4239 833 4299 et
853 4230 889 4303 iu
902 4251 978 4298 eum
992 4228 1065 4298 tere
1080 4227 1234 4297 habitum
