2676 4748
424 274 428 282 “
508 283 750 360 usuros
911 267 914 273 ’
1131 291 1221 404 ιι]

85 458 202 533 multum
220 478 298 530 abest
316 484 347 528 ut
358 478 457 530 librum
470 481 602 544 quendam
614 480 693 533 huius
706 454 798 546 Bruii,
817 480 850 529 de
864 487 916 541 quo
928 476 1078 544 loquimur,
1093 477 1177 534 intel-

85 551 172 616 ligat,
189 554 219 600 ut
232 549 321 611 potius
332 550 411 600 Bruti
422 550 516 619 illiue,
534 553 579 614 qui
591 551 714 615 aequalis
727 552 819 600 iuerat
831 548 965 609 Scipionis
983 548 1107 599 Africani
1124 548 1177 597 nri-

85 619 180 686 noris,
198 619 234 671 de
245 618 312 669 iure
324 617 404 669 ciuili
417 619 502 671 lihros
519 624 562 678 (v.
575 621 649 672 intra
668 633 694 671 c.
709 617 767 680 ³4.)
785 631 902 682 augurer
914 618 1062 668 nominari:
1084 616 1109 665 is
1125 630 1177 668 au·
1259 612 1262 621 “

43 722 48 727 -
86 698 143 740 tem
158 699 243 737 senex
256 688 343 750 potuit
354 691 447 738 eodem
460 701 542 739 senso
555 689 619 756 dici,
636 688 762 751 qquato
776 701 870 754 senex,
888 694 918 736 ut
931 687 1178 737 acatoneUticen-

86 758 114 808 si
133 757 325 820 distinguatur.
367 758 490 818 [Incerta
508 758 675 809 coniectura.
709 756 794 811 Nobis
813 757 893 807 huius
914 757 1000 822 ipsius
1019 756 1096 805 Bruti
1117 755 1178 804 sive

86 826 239 879 carminum
258 826 368 877 libellus
387 827 449 877 sive
469 827 673 879 lucubrationes
687 827 774 878 litatio
787 838 884 889 parum
899 829 1028 888 probatae
1043 823 1179 876 declarari

85 897 238 955 videntum]
273 897 426 947 Redeamus
440 898 475 948 ad
487 900 600 948 Brutum
610 903 743 961 nostrum,
761 895 921 958 quipraeter
934 895 1070 946 orationes
1085 901 1113 944 et
1126 895 1178 946 de·

87 964 275 1035 clamationes
296 973 323 1015 et
342 964 481 1018 historiar
504 966 622 1027 scripsit.
663 967 705 1015 Ac
725 965 937 1019 declamationes
951 965 1011 1014 elus
1025 966 1093 1014 diras
1106 963 1178 1013 exti-

86 1031 159 1084 tisse
171 1041 295 1101 constat,
314 1047 394 1086 unam
405 1047 463 1100 pro
476 1036 595 1101 Milone,
613 1035 729 1086 alteram
741 1035 778 1085 de
790 1033 941 1084 dictatura
953 1033 1091 1096 Pompeii.
1125 1033 1180 1082 lli-

35 1114 38 1125 ·
87 1104 192 1155 sturiae
214 1115 281 1155 vero
302 1103 434 1154 eiusmodi
448 1115 527 1170 sunt,
553 1105 649 1168 qtrales
661 1104 689 1153 in
704 1106 840 1154 rhetorum
854 1104 955 1153 scholis
968 1102 1091 1164 componi
1104 1105 1180 1152 sole·

86 1175 180 1238 haut;-·
193 1184 247 1223 non
258 1180 332 1223 uteo
347 1173 455 1224 nomine
469 1176 625 1227 auctoribus
637 1186 729 1223 rerum
742 1181 999 1240 annumerarentur,
1024 1174 1072 1221 sed
1084 1178 1114 1220 ut
1127 1170 1179 1222 sti-

86 1243 146 1294 lum
166 1252 325 1293 exercerent
343 1243 467 1305 omnique
481 1244 650 1306 eloquentiae
664 1243 758 1306 generi
770 1243 971 1293 satisfacerent.
1014 1241 1061 1291 Sic
1078 1243 1179 1292 Brutus

87 1311 234 1378 epitomen
247 1311 467 1363 Fannianorum
483 1313 555 1372 (Cle.
571 1313 606 1363 ad
617 1315 676 1361 Att.
688 1311 760 1377 XII,
776 1310 834 1378 5.),
851 1311 944 1378 idest,
961 1309 1090 1361 historiae
1104 1306 1179 1361 Pan-

11 1406 14 1415 ·
86 1381 145 1449 nii,
163 1389 191 1431 et
203 1380 416 1448 coeliacorum,
431 1383 461 1432 id
473 1389 526 1446 est,
542 1381 630 1433 Caelii
642 1380 779 1442 Antipatri
795 1382 839 1439 (v.
851 1379 908 1430 Cic.
920 1382 954 1431 ad
965 1381 1023 1430 Att.
1035 1380 1115 1446 XIII,
1128 1379 1179 1446 8.),

87 1451 124 1500 de
142 1451 239 1532 quihus
259 1450 333 1503 inira
350 1446 454 1504 dicetur
472 1463 497 1502 c.
512 1453 556 1502 26.
573 1459 653 1516 atque
663 1448 773 1513 Polylii
785 1449 947 1514 conscripsit
962 1450 1123 1511 (Plutarcho
1137 1455 1181 1500 te-

64 1633 69 1651 ,
87 1527 135 1571 ⁸oe
147 1520 379 1651 115355ἓέ60ιῆ5
392 1589 520 1654 epistolis
532 1588 609 1642 Bruti
622 1588 727 1653 dicam,
749 1599 863 1651 querum
875 1595 903 1638 et
918 1586 1027 1639 Graeca
1041 1594 1069 1636 et
1081 1585 1181 1637 Latine

89 1658 218 1719 collectio
239 1659 387 1710 ferebatur.
419 1659 542 1710 Graecas
554 1669 621 1709 vero
635 1658 827 1707 celeberrimas
838 1657 926 1707 inisse
939 1663 1053 1719 apparet
1067 1656 1181 1707 exPhov
1230 1662 1236 1677 '
1262 1708 1268 1723 .

89 1727 123 1777 tii
135 1728 287 1778 testimonio
306 1727 388 1787 (cod.
403 1729 465 1780 158.
482 1729 581 1789 p.101.
600 1729 641 1777 ed.
655 1727 769 1784 Baths:
788 1720 919 1791 Φρύνιχός
934 1744 1000 1792 φησι
1014 1721 1183 1791 Μαρκιανὸν

87 1790 142 1848 ait
155 1791 281 1861 κριτικόν
292 1792 447 1866 συγγραφέα
459 1789 597 1865 incaepit
614 1792 667 1860 μὲν
679 1789 827 1847 Πλάτωνος
839 1799 886 1845 καὶ
901 1794 1110 1859 Δημοσθένους,
1128 1789 1182 1847 'atie

91 1859 129 1931 riiv
146 1860 268 1947 Βρούτον
290 1862 344 1918 τοῦ
357 1861 466 1918 Ἰταλοῦ
487 1860 633 1918 ἒπιντολοῖσ
653 1865 812 1930 προκρίνειν
828 1866 875 1913 καὶ
887 1860 991 1915 κανόνα
1005 1857 1054 1927 τῆς
1067 1858 1097 1914 ἐν
1109 1855 1181 1929 λόγῳ

92 1927 191 1999 datrae
211 1927 385 2001 ἀποφαίνειν.
424 1937 542 1986 Easdem
564 1935 727 1985 Plutarchus
745 1933 774 1982 in
793 1934 875 1984 Bruto
892 1945 917 1982 c.
930 1938 956 1984 2.
979 1932 1085 1996 magnis
1103 1931 1183 1981 effert

90 2001 227 2055 laudibus.
251 2005 341 2064 [Adde
353 2002 428 2055 suid.
436 2019 465 2056 v.
477 1997 617 2070 Epeiros]
652 2004 706 2053 Sed
718 2014 787 2064 quae
802 2002 947 2054 etiamnum
959 2004 1092 2068 teruntur,
1105 2001 1182 2054 Bruti

91 2083 148 2122 non
165 2079 243 2137 suut,
269 2080 370 2132 perum·
383 2074 418 2123 ab
435 2076 542 2124 rhetore
561 2072 655 2123 nescio
677 2083 728 2134 quo
741 2071 872 2134 originem
884 2073 999 2122 ducunt:
1023 2085 1052 2119 v.
1066 2069 1183 2123 Bentleii

91 2141 195 2204 opusc.
207 2141 305 2193 Philol.
321 2157 348 2205 p.
362 2140 421 2192 154.
445 2143 561 2193 schoell.
577 2142 684 2194 Griech.
697 2140 764 2192 Litt.
787 2143 816 2189 ’1.
834 2142 870 2191 Il.
886 2154 914 2203 p.
926 2140 986 2192 655.
1021 2140 1182 2201 [FabricB.

92 2211 144 2262 Gr.
158 2212 180 2260 l.
192 2207 268 2271 416]
308 2211 449 2274 Epistulae
463 2219 552 2262 autem
565 2211 641 2262 Bruti
651 2211 767 2261 Latinae
781 2223 800 2262 a
812 2210 906 2262 'facito
917 2211 945 2261 iu
958 2206 1071 2272 Dialog‘o
1096 2221 1120 2258 c.
1137 2211 1180 2263 18.

93 2279 206 2340 Quintil.
231 2279 288 2344 IX,
310 2277 345 2348 1,
369 2279 414 2334 75.
455 2281 543 2332 Plinio
556 2281 630 2332 llist.
646 2279 786 2345 XXXIII,
805 2282 848 2330 12.
871 2280 966 2332 iterna
985 2277 1182 2348 grammaticis,

92 2349 236 2400 Prisciano
261 2349 291 2397 l'.
305 2349 328 2399 l.
353 2362 380 2411 p.
393 2346 456 2401 tto.
498 2351 627 2400 Diomede
639 2366 666 2413 p·
681 2349 742 2401 383.
778 2347 902 2400 charisio
914 2344 1011 2414 p.105.
1026 2349 1182 2400 aderimtur.

92 2418 178 2481 origo
193 2425 283 2468 autem
297 2417 472 2481 epistolarum
484 2419 617 2484 fictarum,
637 2430 706 2480 quae
720 2419 807 2468 adhuc
823 2427 977 2483 supersunt,
995 2417 1185 2483 antiquissima

92 2493 156 2554 est,
174 2495 205 2536 ut
221 2498 289 2549 quas
301 2498 354 2536 uon
366 2489 454 2540 solum
467 2488 630 2538 Plutarchus
645 2486 703 2536 Cic.
716 2485 761 2536 45.
775 2494 803 2536 et
815 2488 890 2536 Brut.
898 2490 942 2538 22.
957 2489 1000 2538 29.
1017 2487 1047 2536 in
1059 2487 1183 2537 testimo-

92 2555 171 2606 uium
183 2555 375 2624 advocaverit,
394 2571 490 2608 verum
505 2555 587 2606 etiam
601 2555 641 2606 ita
654 2561 824 2616 comparatas
838 2568 901 2605 esse
913 2556 1070 2621 videamus,
1088 2565 1184 2607 utnon

92 2625 212 2687 multum
224 2625 366 2687 postBruti
377 2634 491 2678 mortem
504 2625 628 2687 prodisse
643 2625 771 2673 debeant:
789 2637 819 2674 v.
826 2622 1003 2674 Ruhnkenius
1011 2624 1039 2673 in
1046 2625 1184 2675 vellelum

91 2695 214 2758 ιι.109.Χ
237 2692 354 2755 Orelliue
368 2696 404 2753 ad
418 2695 568 2747 Historiam
586 2692 725 2745 Ciceronis
745 2693 775 2744 in
790 2691 858 2744 ’1.1.
882 2693 1049 2744 Onomastiei
1073 2707 1100 2756 p.
1121 2695 1182 2745 100.

91 2763 262 2828 Voegelinus
280 2763 306 2815 io
320 2765 459 2816 Plutarchi
470 2767 582 2816 Brutum
598 2778 626 2826 p.
639 2759 683 2813 46.
698 2766 744 2814 63.
779 2764 845 2826 Ipse
858 2761 1089 2814 iamPlutarchus
1103 2763 1184 2815 dotas
1249 2777 1254 2784 ·

92 2833 159 2883 esse
179 2833 309 2896 quasdam
320 2832 398 2890 Bruti
411 2835 544 2898 epistolas
557 2832 713 2893 suspicatus
727 2837 785 2899 est,
811 2831 856 2893 qui
875 2831 904 2883 iu
920 2832 980 2882 vita
999 2833 1075 2884 Bruti
1099 2846 1125 2883 c.
1139 2831 1182 2883 53.

92 2900 206 3021 &mim
225 2900 338 3023 ῗέρῗταί
347 2918 390 2958 aar
402 2897 533 2971 ἐπιστολὴ
544 2898 666 2975 Βρούτον
681 2907 718 2971 et,
731 2895 763 2953 ei
777 2895 951 2958 interbitat,
967 2898 1043 2968 εἴπερ
1060 2894 1115 2973 ἄρα
1127 2895 1184 2953 τοῖν

114 2986 213 3023 rear
241 2986 292 3020 oc.
557 2985 561 2994 ·
773 2981 776 2985 ·

93 2988 113 3040 7
129 2989 146 3039 η
162 3039 264 3090 Ultimo
278 3038 356 3101 posui
368 3039 430 3090 loeo
445 3039 567 3092 carmina
579 3037 670 3108 Bruti,
688 3051 758 3106 quae
772 3037 874 3091 ceteris
887 3036 997 3101 scriptis
1012 3040 1092 3103 longe
1106 3049 1185 3093 erant

93 3106 233 3160 inferiora
268 3109 380 3160 Tacitus
399 3104 470 3159 cutm
485 3111 515 3158 iu
532 3109 648 3173 Dialogo
669 3120 695 3159 c.
711 3111 755 3160 21.
795 3109 859 3160 Nec
870 3109 936 3176 sere
949 3109 1117 3178 quisquam,
1140 3111 1184 3161 in-

94 3177 168 3241 quit,
192 3178 246 3228 aut
259 3176 394 3229 Caesarie
406 3192 463 3244 pro
476 3177 564 3230 Decio
577 3177 709 3230 Samnite
724 3178 777 3230 aut
789 3179 947 3242 Brutipro
960 3180 1100 3230 Deiotaro
1114 3192 1185 3248 reae

93 3244 267 3314 ceterosque
289 3247 418 3300 eiusdem
435 3247 620 3300 lentitudinis
634 3260 669 3300 uc
683 3248 794 3312 tepora
806 3248 895 3298 litroa
909 3247 997 3314 lepit,
1020 3249 1079 3299 nisi
1092 3251 1185 3314 quiet

93 3316 228 3366 caraune
248 3318 406 3369 eorundem
426 3319 565 3370 miratur.
599 3319 747 3371 Fecerunt
765 3317 841 3368 enim
859 3319 891 3368 et
908 3317 1041 3369 carmina
1054 3321 1084 3370 et
1097 3319 1129 3370 iu
1142 3319 1185 3378 u-

94 3383 250 3436 tliotltecao
267 3387 469 3456 rettulerunt,
492 3401 550 3439 uon
563 3389 665 3440 melina
678 3400 764 3452 auam
777 3387 897 3451 Cicero,
915 3389 948 3437 at
961 3389 1092 3456 suimus,
1117 3389 1187 3455 qula

92 3453 161 3510 illos
180 3456 287 3522 secuse
306 3458 460 3521 pauciores
480 3458 586 3509 sciunt.
628 3458 715 3517 Quale
736 3464 827 3507 autem
842 3457 1085 3525 carminumlucrit
1101 3471 1185 3523 argu-

52 3582 54 3587 ,
93 3530 230 3590 mentum,
254 3525 359 3576 Pilutus
378 3527 479 3580 indicat
499 3529 566 3592 Bpp.
580 3527 618 3595 V,
636 3529 662 3577 ³.
679 3526 850 3581 lascivorum
863 3526 1011 3579 carmmum
1029 3529 1185 3582 auctoribus

94 3593 206 3646 Brutum
219 3607 408 3654 annumerem.

539 3693 742 3709 m

586 3717 591 3728 ι
