2676 4748
67 261 72 266 ’
115 281 182 354 sss
436 347 440 361 ,
483 329 487 340 ,
532 274 777 352 nunnus.

120 475 186 538 tet.
227 488 302 535 nem
319 471 355 534 et
368 465 500 556 plebem
514 469 653 539 mnebst
667 473 704 535 et
717 469 909 556 equestrem
927 460 1080 532 ominem
1102 455 1208 532 bene·

120 557 198 624 ficio
219 557 305 642 legis
325 554 531 629 devinxerat.
574 558 605 624 is
618 565 756 644 praetor
768 553 884 622 eodem
902 550 975 633 die,
1001 573 1068 639 quo
1084 550 1208 620 satur-

120 644 221 711 ninus
236 643 391 710 tribunus
409 645 519 734 plebis
533 642 643 716 Matio
658 652 694 708 et
705 641 829 711 Flacco
844 639 1052 720 oonsulibus,
1072 641 1209 728 publice

122 740 178 799 est
201 730 414 798 interlectos:
444 732 542 800 homo
559 732 753 798 simillimus
766 728 987 799 Atheniensis
1002 725 1209 822 Hyperltoli¹

122 819 219 970 ιἰιίιῖι
241 818 847 993 igtgobgatemsuetenlestnltticorum
860 812 1053 971 ἴοιιιιιοοιξὶίιιιι
1070 823 1211 971 inlotam

122 925 216 975 run.
326 952 336 973 .
397 928 459 972 uos
512 929 565 973 ex.
616 926 916 972 truseonsecuus
992 923 1118 968 omoo
1166 923 1210 969 ax
1253 924 1257 929 ·

122 1014 205 1062 eane
223 999 259 1059 et
280 994 365 1060 setis
387 1001 524 1077 acutus,
551 991 614 1060 aad
637 1002 712 1086 tam!
725 994 858 1062 solutus
871 1000 907 1060 et
920 949 1033 1057 mollis
1047 989 1083 1057 in
1098 924 1226 1078 ggtu„

192 1149 254 1204 225.
287 1152 357 1214 tam]
381 1151 479 1209 taam
496 1153 538 1207 etl.
556 1163 599 1219 ur.

124 1315 288 1372 parentque:
321 1307 362 1360 sie
391 1319 479 1360 annus
506 1305 647 1374 legitimus
688 1309 716 1373 3,
729 1305 790 1361 128.
806 1273 1216 1375 boarutimefoaiertdamol-

124 1386 287 1441 quaesturae
299 1379 344 1428 31.
366 1378 517 1430 tribunatus
530 1379 575 1432 35.
597 1390 647 1429 ae·
687 1379 728 1428 lit
738 1378 834 1444 astte,
852 1379 966 1443 qudem
977 1375 1010 1425 tn
1021 1376 1096 1425 litto
1108 1374 1213 1425 Cicero

124 1445 237 1496 dilitatis
252 1447 295 1498 37.
317 1454 460 1506 praeturae
479 1444 524 1498 to.
547 1459 648 1498 consu·
688 1447 870 1513 dicitfttitta
886 1447 963 1511 unde
976 1445 1063 1495 ettam
1076 1445 1213 1495 saltatio-

126 1513 256 1567 1813343.
279 1512 321 1564 ct.
330 1517 456 1567 Dultarns
469 1515 498 1566 ln
511 1517 573 1567 biv.
585 1517 646 1584 xb,
688 1516 733 1567 ais
745 1527 835 1582 aeaut
849 1515 992 1583 quoddam
1001 1514 1092 1566 l'itittt
1103 1513 1145 1566 tt't
1156 1527 1213 1580 ap-

24 1612 28 1621 ·
126 1580 170 1633 44.
183 1591 211 1632 et
223 1584 364 1634 Ernestius
377 1585 405 1636 ln
417 1586 509 1637 Indice
520 1586 645 1652 legumv.
685 1584 834 1653 podatum.

125 1653 261 1717 Annales.
739 1656 818 1706 bomo
840 1652 954 1717 loquax]
993 1651 1120 1701 Potestne
1145 1623 1216 1701 vero

56 1714 63 1724 ⁸
171 1717 649 1785 benefieioiegn]wetzelmso'tsu-
690 1723 842 1786 loquacitas
871 1734 933 1772 cum
962 1721 1042 1772 laude
1069 1712 1216 1770 coniuncta

27 1849 30 1859 .
82 1788 86 1796 '
128 1788 189 1842 clue
206 1804 259 1841 non
279 1791 446 1844 iudiciariam
463 1795 552 1858 legem
567 1795 649 1855 intel·
691 1787 776 1845 esse?
817 1794 887 1844 Nam
904 1790 946 1842 bis
964 1791 1072 1855 tequam
1092 1801 1164 1841 eane
1182 1790 1215 1840 ct

128 1859 210 1925 lexic,
234 1861 282 1909 sed
296 1861 417 1915 eiusdem
431 1862 520 1925 legem
537 1863 650 1912 seditio·
690 1861 764 1917 satit
778 1863 882 1914 acutus
895 1857 1133 1924 teutmundus,
1151 1870 1216 1908 cum
1264 1913 1274 1921 ‚

128 1941 188 1980 mm
208 1928 389 1995 decivitate,
423 1931 510 1995 siquis
529 1945 545 1981 e
566 1931 650 1980 sociis
691 1931 721 1980 in
740 1931 874 1981 continuis
894 1928 947 1979 teti
967 1932 1027 1979 tam
1049 1928 1161 1979 suetus
1183 1927 1216 1978 et

127 1996 235 2049 Latinis
259 2007 410 2048 senatorem
433 2011 510 2050 rcum
537 2000 652 2050 fecisset
691 2000 786 2052 modic
804 2002 837 2052 itt
854 1999 939 2066 aestu
954 1997 1020 2047 insit
1030 1997 1216 2058 reprehensio.

129 2078 243 2130 eumque
255 2068 469 2134 condemnasset,
484 2070 528 2120 ius
541 2070 568 2118 si
579 2068 652 2119 civi·
692 2070 789 2132 ltaque
803 2067 856 2119 fuit
870 2082 929 2118 utrm
944 2066 1153 2130 transpositione
1166 2078 1216 2116 sa-

129 2135 195 2185 tatls
215 2135 383 2185 tribuentem.
416 2137 470 2187 Sed
483 2138 597 2189 alteram
608 2137 652 2188 iu·
692 2140 798 2189 naudus
811 2136 1025 2187 miltivideretur
1040 2136 1135 2185 locus:
1160 2135 1217 2185 lto·

129 2203 303 2267 telligentlam
315 2216 378 2253 esse
392 2217 442 2268 per
454 2218 485 2257 se
498 2215 582 2270 patet.
692 2220 739 2259 mo
758 2207 869 2257 sodoims
888 2218 956 2256 sane
971 2209 1000 2256 et
1012 2204 1086 2254 satis
1098 2205 1216 2271 acutus,

181 2272 304 2342 publice]
327 2273 391 2324 sive
405 2271 440 2326 ab
452 2273 516 2338 ipsa
528 2274 652 2340 republi-
692 2274 745 2328 ted
766 2277 827 2328 tam
845 2275 954 2338 mquam
972 2276 1002 2324 et
1013 2273 1105 2323 moitis
1117 2274 1150 2323 ia
1163 2286 1216 2340 ye-

128 2351 178 2404 ea,
203 2343 273 2406 quod
290 2349 367 2392 extat
385 2338 414 2393 in
434 2355 459 2392 c.
473 2345 517 2398 27.
533 2345 650 2395 Senatus
692 2347 757 2409 stu,
778 2347 815 2396 stt
827 2342 946 2394 saltatio
960 2345 1100 2409 quaedam
1112 2355 1216 2394 nasce·

128 2412 200 2461 enim
214 2413 342 2462 consules
353 2411 473 2463 iusserat
486 2411 599 2479 videre,
618 2426 651 2463 ue
692 2415 780 2467 retur
788 2425 800 2473 ‚⁸
827 2413 846 2464 i.
861 2425 886 2463 e.
905 2414 983 2462 bomo
995 2413 1087 2461 verbis
1101 2413 1215 2473 expedi·
1257 2464 1263 2483 ἱ

127 2480 192 2542 quid
204 2481 358 2541 respublica
365 2481 515 2532 detrimenti
526 2490 651 2544 caperet:
693 2492 738 2535 tus
756 2495 825 2534 sane
844 2489 872 2531 et
891 2481 1089 2544 emissemus,
1109 2482 1158 2530 sed
1170 2481 1216 2530 nl-

128 2546 185 2600 cie.
200 2548 280 2610 Catil.
297 2550 326 2613 1,
344 2553 369 2599 2.
387 2556 414 2599 ct
427 2564 453 2613 p.
466 2551 558 2602 llabir.
565 2552 591 2601 7.
606 2551 651 2613 qui
692 2554 764 2603 mins
783 2551 811 2600 in
824 2558 902 2614 gestu
914 2559 942 2600 et
955 2552 1052 2600 mollis.
1087 2550 1218 2602 Similiter

129 2615 257 2668 similiter
275 2619 438 2685 Philvlll,
456 2618 482 2670 5.
506 2619 536 2670 0.
551 2620 650 2670 Murio
692 2620 858 2673 claudianus
879 2619 988 2669 consul.
1009 2618 1097 2670 blallii
1116 2621 1216 2673 l'beod.

129 2685 650 2753 IuVaiert‘ocoss.senatasrempttbli·
693 2693 754 2742 313.
768 2688 1216 2756 ominatumam'detsqtteloqttaa.

129 2768 191 2813 com
198 2757 502 2822 defendendamdedit.
519 2759 569 2808 llis
583 2771 650 2808 usus
692 2758 858 2821 Interpretes
871 2764 960 2808 tamen
972 2758 999 2807 in
1010 2759 1217 2808 solutusoffen-
1253 2781 1259 2786 ·

128 2827 252 2878 schneid.
266 2827 314 2886 llo.
329 2828 364 2875 ad
376 2828 493 2889 bangor.
506 2842 532 2889 p.
544 2831 588 2879 39.
604 2839 651 2878 re·
693 2828 804 2893 (lerunt,
827 2827 904 2876 cuius
924 2826 951 2875 in
972 2827 1060 2874 vicem
1077 2828 1217 2878 molestato

131 2895 201 2946 totlit
224 2893 345 2955 Ernestii
374 2895 571 2962 suspicionem,
605 2894 651 2959 qui
694 2894 1227 2961 antucqtttuaconiitiebatErnestius3·

40 2970 50 2987 ⁶
129 2964 267 3026 proiectus
281 2964 314 3013 ab
328 2961 408 3013 catil.
421 2963 473 3028 lll,
490 2967 516 3014 6.
541 2964 652 3031 quomi—
693 2966 814 3029 plerique
822 2967 975 3016 cumaltero
982 2964 1216 3027 Ernestioinliex.

129 3045 184 3088 mets
202 3032 232 3082 0.
254 3032 416 3096 Glauciam,
446 3034 482 3084 dc
503 3046 558 3110 qtto
579 3033 653 3084 nitu
694 3036 794 3086 Tecbn.
807 3047 835 3082 v.
848 3036 958 3084 solutus
971 3046 1098 3083 enervem
1113 3033 1215 3084 iutelli-

127 3102 298 3152 aomtnatt'm
310 3104 375 3152 erut
388 3103 546 3167 decretum,
561 3115 653 3167 prae·
694 3110 769 3168 gunt.
787 3104 839 3152 sed
850 3103 887 3151 cf.
899 3117 922 3151 c.
931 3104 975 3154 to.
1001 3103 1139 3168 [boquea
1151 3103 1216 3154 item

129 3173 224 3223 torem
237 3171 400 3238 occideret,
422 3183 482 3221 cum
496 3172 557 3232 inde
572 3173 651 3221 colli·
693 3180 723 3222 ut
734 3166 824 3238 εὕροις
838 3178 880 3220 est
890 3174 922 3221 de
931 3171 1017 3222 medio
1024 3173 1218 3224 vocabulorum

129 3247 207 3300 geret
232 3242 333 3289 nullum
356 3242 389 3289 de
410 3239 525 3305 Glaucia
548 3242 651 3292 iactum
693 3253 807 3305 genere:
836 3243 986 3303 quodcum
1009 3240 1169 3291 deteriorem
1187 3243 1217 3292 in

130 3320 194 3357 esse
222 3310 504 3379 senatusconsultum,
539 3311 651 3378 publice
693 3317 799 3373 panem
816 3310 938 3359 converti
957 3310 1061 3374 soleat,
1083 3310 1218 3361 interdum

38 3368 53 3393 “
130 3374 252 3445 spurium
267 3385 400 3427 censeret.
657 3380 664 3393 ⁸
692 3387 784 3430 uotam
813 3378 882 3428 satis
904 3378 1037 3428 illustrem
1061 3379 1089 3427 in
1111 3379 1217 3428 homine
1272 3407 1277 3431 t

180 3445 344 3510 Hyperboli]
362 3447 403 3495 De
415 3446 652 3511 euiusrebusple-
692 3447 781 3499 minus
800 3446 930 3498 initiabili
950 3449 1122 3497 commendat.
1156 3449 1217 3498 lam

129 3509 241 3562 ulssime
254 3515 364 3566 tradidit
377 3516 529 3568 blelnekius
540 3520 651 3580 (tuaest.
712 3517 798 3567 nando
806 3517 915 3566 Piraeax
929 3517 1053 3580 Eupolidl
1065 3516 1152 3565 fertur
1165 3513 1218 3567 λα-

128 3583 208 3633 Βοοιι.
223 3580 259 3632 11.
275 3596 301 3644 1)-
314 3584 358 3634 27.
372 3596 430 3646 sqq.
693 3532 751 3637 {tie
764 3579 885 3650 ἄριστος,
903 3579 1108 3637 ἀδυνατώτατος
1118 3579 1217 3651 λέγειν,

181 3649 242 3700 225.
275 3651 338 3699 Sex.
353 3652 652 3722 Titius11ex.'litiue‚
694 3655 772 3706 cuius
784 3653 902 3704 imitator
916 3653 1061 3705 Sallustius
1073 3653 1156 3721 dixit,
1172 3656 1218 3706 lo-

129 3719 276 3768 seditiosus
285 3719 357 3768 ulvis
371 3728 398 3768 et
408 3721 587 3790 turbulentus,
602 3723 653 3772 tri·
695 3737 775 3842 gnate
794 3722 885 3787 macie
908 3736 993 3789 quam
1010 3723 1154 3790 facundus
1172 3727 1218 3784 (v.

129 3790 217 3840 bunos
233 3788 270 3850 pl.
287 3800 314 3857 a.
327 3787 387 3838 655.
410 3790 499 3854 legem
517 3792 654 3855 agrariam
722 3794 769 3842 ell.
788 3793 817 3858 1,
836 3791 911 3859 15),
934 3801 982 3844 ant
1000 3805 1035 3842 ex
1052 3794 1157 3845 rabulis
1173 3795 1219 3844 ln-

129 3855 322 3922 promulgavit.
335 3858 447 3910 Postea
461 3861 652 3910 condemnatus
694 3861 781 3912 doctis
804 3874 887 3922 supra
907 3874 930 3910 c.
951 3860 994 3912 48.
1024 3863 1173 3913 Sertorium
1191 3871 1219 3914 et

128 3934 173 3977 est
186 3935 387 3991 propterusum
395 3928 652 3990 Appuleiilamiliu-
695 3929 860 3990 surgentum
879 3930 975 3982 Cicero
998 3932 1118 3994 depingit
1140 3935 1220 3984 eolu-

130 4008 197 4046 rem.
221 3993 258 4046 V.
272 3993 329 4046 cic.
344 4009 370 4060 p.
384 3996 478 4047 liubit.
491 3999 517 4048 o.
535 4004 563 4046 et
577 3999 653 4048 lien-
696 3997 839 4050 tissimum
861 3997 892 4051 itt
904 4000 1023 4053 dicendo
1037 4003 1067 4051 et
1080 4002 1219 4053 acutissi-

128 4063 247 4117 ricusen.
267 4065 296 4115 in
314 4064 351 4115 11.
364 4065 441 4117 Orat.
455 4067 506 4130 11,
526 4063 569 4117 48.
594 4069 653 4116 lle-
697 4080 789 4121 mum:
803 4069 890 4119 omnis
901 4071 938 4121 ibi
948 4072 1009 4120 lans
1017 4069 1220 4136 pronunciatur,

129 4133 270 4198 motabilis
288 4133 371 4188 etiam
388 4137 466 4189 locus
478 4134 589 4198 Quintil.
603 4136 653 4206 xi,
698 4137 890 4206 eumenidum
901 4137 970 4191 viria
979 4137 1221 4205 loquendteqnam
