2676 4748
113 285 138 356 8
469 286 844 357 ARGUMEN'PUM.

118 477 282 558 disputans,
301 476 351 557 qni
364 475 430 560 plns
444 496 500 541 usn
512 480 673 543 domestico
685 497 772 561 quarn
784 480 944 542 litterarum
957 474 1082 541 valuerit
1093 472 1202 536 doctri-

122 576 179 643 na,
203 565 417 644 digressionem
436 560 473 627 de
492 567 671 630 institutione
685 567 844 629 domestica
857 565 979 630 delibata
1009 583 1035 628 c.
1051 563 1203 627 58-61.

122 651 325 713 Recensentor
339 672 427 731 porro
441 652 475 716 C.
490 654 602 733 Carbo,
622 654 792 731 Mllarirrs,
813 654 867 717 Cn.
878 650 1072 730 Pomponius,
1090 650 1128 719 L'.
1142 648 1205 710 Fu-

122 735 198 817 iius,
219 737 401 800 transmissis
421 738 610 820 quibusdam,
636 760 709 828 quos
729 743 801 803 satis
817 740 968 803 videbatur
981 736 1075 799 autin
1089 733 1205 816 praesi-

125 825 182 885 diis
199 824 394 905 reipublicae
409 825 575 890 collocasse
589 835 640 889 aut
654 826 825 890 turbulentis
838 825 1026 888 concionibus
1041 822 1206 902 reliquisse,

126 911 246 975 velutL.
261 911 436 991 Appuleium
451 912 639 976 Saturninum
651 923 680 976 et
692 912 725 976 C.
740 912 896 976 Servilium
909 911 1077 974 Glauciam=
1097 929 1123 971 c.
1138 913 1192 972 69.

228 997 443 1061 Enumerantur
463 998 524 1062 iam
545 1000 728 1063 brevissimis
745 999 863 1062 iudiciis
893 1007 1026 1061 oratores
1054 995 1206 1058 inferioris

127 1085 251 1164 acatis,
272 1085 311 1149 P.
325 1085 484 1150 Antistius:
512 1106 539 1150 c.
554 1089 608 1150 63.
650 1086 697 1150 L.
712 1086 856 1166 Sisenna,
882 1083 990 1148 additis
1005 1084 1042 1161 Q.
1056 1080 1207 1145 Hortensii

127 1171 313 1252 primordiiss
341 1193 369 1238 c.
375 1170 434 1237 64.
450 1173 503 1238 66.
545 1173 590 1236 Μ.
604 1174 749 1253 Crassus,
769 1174 803 1238 O.
816 1172 966 1249 Fimbria,
987 1170 1039 1233 Gn.
1054 1169 1208 1246 Lentulus,

128 1259 163 1322 P.
177 1259 336 1325 Lentulum
365 1279 391 1322 c.
409 1262 462 1324 66.
503 1259 547 1323 Μ.
571 1259 659 1340 Piso,
678 1260 714 1325 P.
733 1261 881 1340 Murena,
902 1258 935 1322 O.
951 1255 1149 1333 Censorinus,
1169 1254 1211 1317 L.-

131 1345 259 1427 Pnrius,
286 1346 319 1411 G.
340 1347 461 1410 Macer:
488 1367 514 1409 c.
532 1350 584 1411 67.
628 1346 662 1414 0.
676 1347 764 1427 Piso,
786 1346 907 1408 Manius
919 1343 1057 1421 Glabrio,
1078 1340 1115 1403 1..
1127 1342 1209 1404 'Por-

132 1442 262 1514 quotus,
289 1433 343 1496 Gn.
365 1432 522 1515 Pompeius
542 1434 690 1516 Magnus,
716 1434 752 1497 D.
768 1433 905 1512 Silanus,
926 1431 964 1508 Q.
978 1429 1151 1509 Pompeius,
1172 1427 1208 1491 P.

131 1520 307 1600 Autronius,
329 1521 367 1583 L.
386 1520 595 1602 ortandae.
612 1521 766 1586 Stalenusa
788 1541 813 1583 c.
829 1523 880 1584 68.
923 1518 958 1582 O.
969 1526 997 1578 at
1010 1517 1046 1578 L.
1060 1513 1210 1594 Caepasii,

132 1607 167 1670 G.
180 1608 342 1670 Cosconius
356 1607 545 1689 calidianus,
566 1609 601 1687 Q.
614 1607 731 1687 Arrius,
751 1609 836 1694 quasi
847 1607 919 1669 faex
932 1611 1092 1672 oratorum:
1113 1622 1140 1663 o.
1156 1602 1210 1664 69.

132 1693 172 1756 Τ.
186 1695 370 1775 Torquatus,
392 1695 435 1758 M.
449 1695 610 1775 Pontidius,
629 1695 674 1758 M.
690 1694 846 1773 Messalla,
866 1695 923 1755 duo
937 1689 1062 1770 Metelli,
1081 1688 1211 1753 Celeret

133 1779 252 1864 Nepos,
273 1783 327 1845 Cn.
342 1783 502 1863 Lentulus,
519 1783 552 1847 G.
570 1783 743 1848 Memmiuso
764 1803 789 1844 c.
804 1785 856 1845 70.

233 1868 456 1949 lnterponuntur
476 1867 590 1933 iudicia
605 1873 641 1932 de
656 1872 730 1934 vivis
752 1867 933 1945 oratoribus,
960 1864 1005 1928 M.
1019 1860 1165 1926 Marcello
1182 1866 1211 1922 et

134 1952 168 2016 C.
191 1955 264 2017 lulio
287 1957 436 2037 Caesare,
461 1958 509 2037 qui
525 1958 664 2020 orationis
683 1960 851 2020 emendatos
866 1952 950 2035 qnasi
964 1955 1071 2013 bonam
1086 1967 1212 2010 consue-

133 2041 262 2103 tudinem
276 2043 389 2106 ratione
406 2044 545 2108 firmarit:
570 2066 595 2107 o.
610 2043 764 2109 'll—75.
808 2042 974 2106 Succedunt
986 2041 1022 2100 de
1036 2038 1073 2098 iis
1090 2037 1137 2116 qui
1151 2035 1213 2127 vita

136 2139 343 2210 excesserant,
378 2131 410 2194 G.
436 2130 583 2210 Sicinius,
615 2131 648 2194 0.
670 2131 810 2196 Visellius
834 2130 948 2205 Varro,
974 2128 1011 2188 L.
1033 2125 1212 2204 Torquatus,

137 2216 332 2280 &Triarium
352 2238 378 2281 c.
392 2221 444 2282 76.
489 2219 533 2282 M.
547 2219 686 2298 Bibulus,
707 2219 820 2298 Appius
837 2215 988 2291 Claudius,
1008 2214 1044 2275 L.
1057 2210 1214 2288 Domitius,

77 2312 83 2324 “
137 2302 171 2364 P.
187 2310 214 2364 et
226 2305 261 2366 L.
275 2305 402 2386 Lentuli,
424 2308 462 2368 Τ.
474 2307 654 2370 Postumius:
675 2329 700 2370 c.
714 2308 766 2374 77.
810 2305 843 2366 P.
859 2300 1021 2378 Cominius,
1042 2297 1215 2374 T..Acoins,

138 2389 172 2453 0.
187 2389 276 2454 Piso=
302 2414 326 2454 c.
343 2395 395 2457 78.
437 2394 567 2470 Qurorum
588 2392 715 2454 omnium
737 2409 861 2456 recensu
871 2389 928 2452 boc
943 2381 1232 2468 potissimum-scriffi

136 2485 204 2557 ptor
218 2479 339 2556 putabat
358 2499 425 2542 sese
438 2489 626 2558 assecutum,
647 2488 677 2541 ut
693 2480 919 2562 intelligeretur,
947 2495 986 2537 ex
999 2493 1099 2535 eornm
1112 2489 1215 2532 nnme-

136 2584 171 2626 ro
186 2566 234 2645 qni
248 2566 314 2627 ausi
329 2576 426 2630 essent
439 2570 537 2632 dicere
551 2581 636 2647 quam
649 2568 737 2646 pauci
747 2567 872 2628 luissent
884 2563 971 2624 laude
985 2560 1076 2640 digni.
1119 2556 1215 2619 Multo

136 2651 238 2715 minus·
252 2657 497 2733 praetermittendi
518 2653 755 2719 videbantur-M.
768 2648 887 2715 Caelius
902 2649 999 2711 Rufus
1014 2654 1042 2708 et
1054 2642 1216 2726 singularis

125 2737 251 2820 ingenii
264 2741 311 2802 vir
327 2741 371 2806 M.
384 2742 532 2806 Calidium
555 2762 581 2806 c.
594 2744 614 2803 7
617 2743 646 2805 9.
659 2744 712 2805 80.
753 2739 867 2817 Quibus
880 2737 1076 2813 adiunguntur
1089 2732 1121 2793 in
1133 2739 1218 2793 aeta-

137 2825 177 2886 tis
192 2827 264 2889 flore
278 2829 396 2890 extincti
410 2830 443 2892 C.
458 2829 546 2891 Curio
561 2835 588 2889 et
601 2826 635 2888 C.
649 2825 783 2888 Licinius
796 2824 923 2886 Calvuse
944 2840 970 2884 c.
980 2822 1092 2882 81.82.
1134 2819 1220 2896 Quo-

137 2933 203 2974 rum
216 2913 265 2976 hic
280 2935 345 2975 cum
359 2914 485 2978 Atticum
497 2937 530 2978 se
544 2913 602 2975 dici
619 2912 743 2975 voluerit
759 2919 920 2990 oratorem,
944 2913 1103 2985 opportune
1119 2903 1152 2968 lit
1171 2904 1220 2968 di-

139 3001 256 3080 gressio
274 3003 310 3061 de
322 3001 417 3068 Attico
432 3003 547 3064 dicendi
561 3020 684 3079 generes
704 2992 891 3063 osa-84.

232 3087 354 3149 ·Deinde
369 3109 435 3150 cum
449 3091 485 3151 ad
496 3089 692 3169 perorandum
705 3092 814 3165 spectet
822 3083 924 3161 oratio,
936 3077 1219 3161 prudensquaestio-

137 3191 211 3247 nem,
224 3181 347 3253 occupat
360 3177 500 3255 scriptor,
522 3185 617 3236 ulrum
632 3176 668 3235 de
682 3174 846 3234 oratoribus
860 3167 1020 3246 Romanis,
1046 3165 1219 3246 praesertim

139 3260 303 3338 veteribus,
324 3280 393 3325 vere
404 3259 587 3341 indicaverit,
608 3279 648 3322 an
664 3280 763 3324 eorum
775 3259 877 3321 laudes
893 3254 1075 3319 ambitiosius
1088 3252 1221 3316 auxerita
1244 3319 1247 3325 ,

140 3365 167 3410 6.
181 3346 336 3411 85-87.
997 3362 1005 3377 “

240 3433 304 3495 lam
325 3441 500 3496 enarrantur
520 3435 673 3498 Hortensii
691 3451 796 3495 cursus
817 3430 913 3494 civilis
935 3437 1021 3512 atque
1041 3425 1138 3489 studia
1158 3423 1222 3486 elo-

141 3520 290 3600 quentiae,
317 3540 383 3582 cum
403 3523 505 3600 quibus
527 3543 611 3585 suurn
634 3541 751 3584 cursum
771 3523 922 3599 comparat
936 3517 1057 3594 Cicero,
1079 3513 1163 3592 qnasi
1175 3510 1222 3573 la-

140 3608 222 3668 boris
244 3617 272 3669 et
291 3607 451 3670 industriae
470 3611 596 3690 vestigia
616 3612 833 3687 demonstraus,
860 3604 965 3687 quibus
983 3603 1081 3682 ipsum
1094 3600 1222 3662 Horten-

142 3692 219 3756 sium
230 3703 401 3775 perseoutus
416 3694 469 3759 sit:
489 3717 515 3758 c.
530 3700 572 3761 88
582 3699 685 3761 —96.

215 3825 218 3835 .
241 3780 276 3843 ln
290 3781 406 3862 epilogo
421 3782 528 3848 brutus
543 3787 723 3859 admonetur,
743 3786 793 3860 at,
814 3794 989 3858 quamquam
1001 3774 1165 3854 importuna
1178 3770 1224 3833 ci-

142 3867 248 3929 vitatis.
260 3869 345 3930 clade
364 3889 503 3948 pressus,
530 3870 562 3931 in
582 3868 760 3949 eloquentiae
783 3867 885 3930 studiis
898 3864 968 3927 velit
984 3880 1052 3923 sese
1066 3861 1224 3936 continere,

58 4005 64 4018 .
145 3954 304 4035 summique
324 3956 449 4018 oratoris
470 3956 743 4036 laudemaoquiret,
769 3952 945 4038 praesertim
959 3946 1114 4015 uberrimis
1129 3945 1224 4008 Grae-

143 4058 245 4110 corum
256 4042 368 4107 artibus
383 4058 519 4112 ornatusr
539 4065 566 4111 c.
579 4047 631 4115 96.
648 4043 702 4109 st.
754 4067 756 4072 ·

550 4182 819 4210 m
