2676 4748
561 274 648 396 cop.
667 304 725 378 62.
745 306 831 378 68.Ι
1085 253 1093 267 ⁸
1157 303 1228 386 18⁵,

139 494 184 567 ut,
203 488 343 559 saltatio
360 487 523 581 maedam
539 497 752 574 nasceretur,
772 492 830 561 uui
844 468 1019 559 saltationi
1031 489 1149 560 Titius
1163 512 1225 559 uo·

140 600 217 647 men
231 585 333 650 essct.
375 579 425 645 ita
440 580 621 646 cavendum
636 588 701 661 est,
721 601 764 646 ne
779 578 862 669 quid
874 581 908 646 in
925 576 1053 668 agendo
1066 578 1224 655 dicendo·

139 687 182 735 ve
193 666 322 758 facias,¹
337 667 433 732 cuius
449 667 596 735 imitatio
608 666 773 737 rideatur.
815 665 948 734 inss.
970 666 1039 734 sei
1057 665 1102 734 ad
1121 669 1225 756 paulo

138 755 347 841 superiorem
363 760 507 821 oetatem
523 757 648 822 revecti
663 774 802 821 sumus:
828 776 916 822 nunc
930 753 973 822 ad
986 777 1078 832 eam,
1100 753 1226 844 oeque

138 841 349 930 aliquantum
368 863 486 908 sumus
502 841 626 925 locuti,
643 848 863 913 revertamur.
945 914 948 925 ¹
1206 909 1209 912 ,

226 932 321 1001 ,226
348 927 553 997 Coniunctus
572 931 678 1015 igitur
701 929 845 1018 Sirlpicii
864 928 969 994 aetati
988 925 1030 997 P.
1051 927 1226 1013 Antistius

121 1015 227 1098 fuit,
254 1015 374 1082 rabula
397 1038 478 1082 sane
498 1016 703 1105 probabilis,
726 1016 793 1105 uui
818 1016 944 1081 multos
964 1037 1039 1087 curn
1060 1019 1226 1085 tacuisset

139 1124 266 1186 annos,
296 1124 404 1190 neque
424 1107 590 1170 contemni
609 1107 737 1186 solum,
757 1101 819 1171 sed
832 1101 968 1171 irrideri
984 1105 1226 1172 etiam-solitus

136 1197 250 1272 esset,
272 1190 308 1262 iu
323 1190 498 1257 tribunatu
511 1193 657 1279 primum
671 1199 787 1259 contra
804 1189 845 1260 G.
858 1188 939 1257 Iulii
954 1191 1047 1256 illum
1067 1192 1226 1258 consula·

140 1285 199 1347 tus
221 1277 416 1367 petitionem
438 1278 738 1347 extraordinariam
761 1299 877 1367 veram
897 1299 1033 1344 causam
1055 1301 1156 1365 agens
1171 1283 1227 1345 est

140 1365 324 1519 pimhmiit
346 1370 382 1431 ct
401 1386 443 1518 elil)
463 1368 568 1470 magis
565 1414 590 1521 s,
608 1366 698 1520 ῗιιρᾲ
717 1365 1005 1520 οειιξοωιωυεαὶιι
1018 1388 1095 1472 cum
1109 1375 1226 1519 ageriet

115 1538 126 1587 .·
139 1474 270 1610 bii?
283 1473 984 1630 itte*„iiiiii{tibitibi
1000 1463 1227 1607 bibitio:

140 1649 217 1710 sae,
238 1625 358 1697 deinde
372 1649 486 1696 omues
500 1631 662 1696 maximae
675 1649 891 1717 quaecunque
910 1636 1007 1693 erant
1030 1627 1226 1695 deferebar·
1256 1698 1258 1703 ‚

138 1722 210 1783 tur.
268 1716 347 1782 227.
375 1714 461 1782 Rem
483 1714 620 1783 videbat
638 1723 755 1798 acute,
785 1716 1005 1805 componebat
1032 1715 1226 1802 diligenter,
1295 1758 1300 1783 .

139 1801 601 1965 tiititiitititti³⁵
617 1826 683 1957 ¹³0⁰?
695 1802 1227 1959 ibiibiitibffiiiii:

138 1998 279 2046 currens
298 1977 419 2057 oratio,
462 1960 499 2046 et
516 1939 592 2046 enai
603 1916 826 2068 eiuquuidam
839 1985 997 2068 tanquam
1010 1913 1145 2047 bnbpitus
1158 1999 1226 2046 uon

206 2131 303 2177 nomeu
319 2123 407 2182 esset]
430 2133 534 2174 nomeu
549 2123 595 2174 eat
610 2123 654 2175 ed.
671 2135 713 2185 pr.

207 2190 238 2241 c.
252 2193 297 2248 ba.
330 2193 448 2253 revecti]
471 2193 576 2244 retecta·
594 2193 636 2242 eri.
653 2204 694 2254 pr.

211 2271 306 2311 sumus
320 2260 418 2321 locuti]
442 2260 488 2311 Sic
505 2262 547 2310 ed.
566 2273 606 2324 pr.
639 2257 731 2311 locuti
746 2271 845 2310 sumus
866 2259 926 2323 edd,
983 2291 986 2296 -

185 2391 188 2395 ,
208 2330 269 2382 227.
293 2329 413 2392 quitiam]
430 2329 560 2381 Probevit
571 2336 634 2392 post
646 2330 740 2382 bamb.
756 2328 944 2379 sconeicems.
962 2325 1075 2394 quidem
1086 2324 1151 2378 iibri
1164 2339 1227 2382 cun

175 2397 218 2447 eri.
229 2410 270 2459 pr.
304 2397 422 2451 Grattius
434 2399 561 2464 opposuit
577 2413 601 2450 c.
615 2398 668 2466 rt,
685 2398 748 2451 259.
765 2397 843 2448 ouius
855 2398 910 2447 loci
923 2397 1018 2462 dispar
1031 2404 1077 2447 est
1087 2396 1166 2448 ratio.

139 2515 298 2583 prudentiae
311 2516 420 2569 maioris
437 2529 544 2584 poterat
560 2522 661 2573 condo·
703 2512 853 2571 absolutos.
883 2513 987 2569 Eodem
1006 2526 1126 2581 tempore
1144 2521 1226 2571 Pom-

139 2585 211 2637 uari.
243 2586 331 2637 Titius
345 2587 427 2651 igitur
436 2591 489 2651 fuit
502 2591 557 2642 oris
576 2604 661 2655 expe·
703 2586 781 2652 peius
800 2587 912 2637 Antistii
934 2588 1018 2639 tiliam
1038 2588 1068 2637 in
1085 2588 1226 2640 matrimo-

140 2654 191 2705 uiti
209 2667 269 2704 eum
287 2658 409 2707 acumine
422 2663 552 2727 quodam,
569 2662 618 2711 sed
632 2661 662 2712 in
703 2657 777 2708 nium
795 2656 879 2707 tinxit.
912 2657 966 2707 Sed
988 2668 1014 2708 a.
1029 2657 1092 2708 672.
1113 2669 1165 2720 quo
1178 2658 1227 2708 lu-

138 2736 270 2776 eummum
283 2725 424 2778 levitatem
436 2731 539 2789 effusi]
703 2726 766 2779 nius
785 2724 968 2788 Damasippus
991 2732 1102 2788 praetor
1125 2728 1227 2777 multos

190 2793 269 2843 cuius
281 2794 408 2858 imitatio]
426 2800 501 2860 Quod
516 2798 662 2850 irridmtur
703 2796 825 2861 nobiles,
841 2795 888 2860 qui
898 2795 992 2846 Sullae
1002 2795 1148 2862 favebant,
1165 2803 1226 2847 tru-

137 2861 164 2913 si
177 2863 238 2926 quis
248 2863 376 2915 imitetur.
703 2865 827 2931 cibabat,
846 2877 908 2915 cum
920 2865 997 2915 Sulla
1009 2864 1065 2916 iam
1079 2873 1142 2916 aute
1160 2877 1227 2927 por-

189 2931 220 2982 c.
233 2934 277 2982 66.
310 2934 490 2998 unquentum]
507 2932 661 3003 lamentis,
703 2941 747 2987 tas
769 2935 872 2985 Romae
894 2930 1056 3000 emicaret,
1089 2933 1225 2985 Antistius
1303 2941 1306 2951 ·

136 3002 208 3062 quoii
220 3000 346 3052 sufficere
359 3012 456 3068 queat:
473 3016 536 3056 nam
548 3006 661 3055 concio·
702 3016 806 3067 quoque
819 3001 905 3053 biario
922 3011 1032 3054 auctore
1047 3002 1157 3053 occisus
1173 3011 1226 3054 est.
1304 3044 1308 3051 .

136 3070 177 3120 uit
196 3070 273 3119 illum
290 3084 433 3142 recensum
448 3075 497 3124 boc
510 3074 569 3136 ipso
583 3073 662 3135 capi·
703 3073 746 3124 Cf.
767 3073 860 3122 Drum.
878 3073 909 3121 2.
924 3072 951 3122 Ι.
965 3086 991 3137 p.
1004 3068 1047 3123 54.
1070 3073 1116 3137 qui
1130 3067 1226 3134 Pigbio

111 3139 112 3143 ’
137 3145 177 3187 te.
203 3139 346 3191 Desideret
359 3148 449 3194 tamen
462 3142 594 3207 quispiam
604 3142 662 3194 oii-
701 3142 914 3205 repugnatione
926 3141 1102 3191 P.Antistios
1114 3141 1227 3192 iuBru-

137 3207 282 3276 quamdtu.
701 3211 863 3261 recensenti
876 3209 1042 3278 enumerari,
1060 3222 1170 3275 quonum
1182 3212 1227 3264 al·

189 3289 282 3327 sumus
289 3278 387 3338 locuti]
403 3279 559 3331 Deveneret
569 3279 604 3330 ad
614 3292 661 3328 re·
702 3288 745 3332 ter
757 3286 831 3328 extet
845 3279 874 3328 in
888 3290 912 3328 c.
923 3279 968 3328 90.

137 3346 285 3397 certiorem
310 3355 428 3398 aetatem
454 3348 517 3399 iude
535 3361 553 3399 a
572 3361 597 3412 c.
615 3345 661 3398 ts.
757 3361 851 3398 veram
863 3347 990 3406 carosam]
1007 3346 1075 3398 Nam
1087 3349 1226 3410 pumin-

138 3414 183 3464 cui
199 3481 200 3485 ¹
209 3428 311 3477 pancos
334 3416 504 3469 immiscebat
528 3420 562 3471 de
579 3416 661 3470 Marii
704 3415 795 3467 tistius
808 3418 894 3468 adbuc
909 3428 1007 3467 causas
1020 3426 1130 3482 egeret,
1145 3419 1226 3470 leves
1273 3454 1276 3459 -

136 3485 309 3546 temporibus.
702 3487 827 3548 fueraut3
844 3488 911 3537 liaeo
924 3493 1013 3536 nutem
1025 3498 1118 3536 eurum
1129 3487 1226 3556 prima,

189 3556 252 3605 226.
286 3552 412 3616 sulpicii]
436 3553 479 3604 Gt.
493 3566 519 3604 o.
531 3552 576 3606 55.
703 3567 774 3618 qnae
794 3566 844 3604 sno
862 3555 969 3605 nomine
986 3555 1084 3618 dignae
1097 3555 1227 3607 uideren-

188 3622 221 3672 Ρ.
241 3623 392 3682 Antistius]
422 3622 454 3674 P.
473 3624 661 3685 Antistium
703 3631 758 3675 tur.
800 3623 976 3686 [Simpliciter
995 3624 1134 3689 inteiligas
1158 3639 1227 3677 ceu-

137 3688 297 3753 puibusdum
323 3691 423 3742 iniuria
446 3692 539 3755 Labeo
556 3694 660 3740 uictus.
703 3706 779 3758 sam,
803 3706 872 3756 quae
892 3705 945 3743 non
959 3702 1034 3743 esset
1047 3694 1169 3744 tictavel
1185 3694 1226 3743 si-

136 3759 167 3810 le
180 3759 208 3809 in
222 3760 359 3810 tribunatu
367 3773 391 3811 a.
399 3763 460 3812 666.
473 3760 661 3813 G.1ulioCae-
702 3764 806 3816 mulcta
818 3763 974 3820 (emutuit.
989 3763 1018 3812 in
1030 3762 1114 3813 Rutil.
1127 3765 1226 3825 pp.92.

136 3829 195 3879 seri
213 3829 339 3880 Straboni
356 3829 472 3895 restitit,
494 3831 541 3895 qui
559 3829 661 3882 omissa
704 3831 796 3895 186),
819 3833 867 3881 sed
891 3832 980 3894 ipsum
998 3824 1163 3893 reipublicae
1181 3832 1226 3881 ie-

136 3905 268 3959 praetura
285 3901 328 3958 (r.
343 3905 432 3950 annot.
443 3899 472 3948 in
485 3897 577 3957 648.)
594 3910 661 3953 σοι).
701 3912 818 3967 girmque
830 3901 1007 3963 patrocinium
1020 3899 1213 3961 suscepisset]

137 3973 183 4016 tra
212 3969 290 4032 leges
320 3968 488 4018 consulatum
518 3967 661 4020 ambierat.
755 3970 816 4021 227.
849 3982 908 4020 rem
920 3970 1044 4030 videbat]
1061 3967 1227 4022 cousueta-

137 4035 245 4087 scobis
259 4038 311 4088 tuit
322 4051 347 4091 e.
360 4037 422 4088 668.
445 4049 506 4086 curu
520 4036 546 4086 ei
562 4037 662 4088 iudicio
689 4035 792 4097 vtiones
806 4038 996 4101 perspiciebat.

137 4107 327 4173 praesidebat,
344 4104 548 4170 quoPompeius
560 4113 616 4156 tum
628 4109 662 4157 de
701 4142 703 4147 -
755 4107 818 4175 eius
828 4108 949 4172 puidam]
967 4103 1106 4157 Orationis
1118 4104 1227 4172 quidam

134 4177 242 4241 praete
264 4174 353 4241 patrie
371 4172 511 4230 asserione
529 4186 594 4228 reue
618 4183 663 4228 eet
703 4176 826 4230 babitus:
848 4189 911 4229 uam
930 4186 1075 4242 pronomen
1090 4177 1242 4242 auipmu.
