2676 4748
560 313 644 407 Cep.
667 320 701 386 1.
1031 418 1032 423 Ἰ
1071 352 1094 397 g
1128 312 1172 423 l3

88 508 222 579 iuratus
243 501 404 571 iudicium
423 501 599 588 dignitatis
618 524 710 569 meae
724 502 867 583 iecerat,
888 506 923 569 et
937 501 1190 584 inauguratunt.
1234 508 1243 572 ,¹

87 596 132 661 ob
146 594 281 673 eodem3
303 613 343 657 ex
356 613 422 678 quo
438 611 602 674 augurum
614 590 783 657 institutis
796 591 831 654 in
844 587 996 677 parentis
1009 609 1083 653 eum
1097 591 1174 657 loeo
1195 610 1198 619 ’

87 684 202 750 colere
215 679 386 746 debebam.
428 681 461 746 2.
483 673 642 763 Augebat
655 680 756 743 etiam
771 677 977 756 molestiam,
999 675 1090 762 quod
1104 699 1175 742 ma·

86 791 153 856 gna
168 768 370 854 sapientium
389 764 510 832 civium
525 765 754 852 honorumque
770 764 928 853 penuria,
949 763 1002 830 vir
1017 764 1175 849 egregius

88 855 452 939 coniunctissimusque
472 874 600 919 meeum
620 853 837 919 consiliorum
852 851 997 916 omnium
1011 850 1175 917 societate
1263 885 1265 891 ν

90 942 299 1011 alienissimo
319 938 537 1027 reipublicae
552 947 702 1030 tempore
717 940 922 1018 exstinctus,
943 945 978 1002 et
990 939 1175 1004 auetorita-

88 1037 137 1097 tis
157 1039 192 1096 et
212 1026 409 1115 prudentiae
428 1047 508 1091 suae
528 1029 628 1092 triste
642 1025 739 1092 nohis
753 1025 955 1090 desiderium
969 1026 1173 1108 reliquerat}

91 1110 331 1201 dolebamque,
358 1110 448 1200 quod
468 1135 552 1192 nott,
579 1109 618 1177 u't
637 1113 790 1198 plerique
809 1109 990 1200 putabant,
1018 1110 1176 1177 adversa-

87 1203 178 1271 rium
200 1209 259 1266 aut
281 1201 539 1265 obtrectatorem
552 1197 690 1264 laudum
706 1220 873 1277 mearum,
895 1195 956 1263 sed
970 1197 1101 1262 socium.
1114 1218 1175 1285 po·

87 1292 160 1357 tius
186 1296 221 1353 et
242 1295 431 1352 consortem
453 1285 593 1369 gloriosi
613 1285 740 1351 laboris
757 1286 946 1369 amiseram.
986 1287 1020 1355 3.
1040 1283 1175 1351 Etenim

89 1377 168 1444 siin
183 1375 346 1457 leviorum
360 1374 486 1438 artium
500 1373 613 1438 studio
626 1373 805 1437 memoriae
821 1371 992 1461 proditum
1007 1381 1072 1452 est,
1095 1394 1174 1461 poe-

88 1471 146 1531 tas
156 1463 288 1537 nobiles
306 1468 481 1548 poetarum
496 1460 685 1548 aequalium
703 1466 810 1528 morte
823 1459 984 1542 doluisse,
1006 1480 1072 1548 quo
1087 1470 1175 1528 tam·

157 1618 319 1684 inserentis
332 1633 393 1670 emn
407 1619 483 1680 loco]
506 1617 651 1670 Lambinus
666 1616 763 1672 omittit
777 1616 817 1668 iu.

156 1695 187 1741 2.
218 1689 396 1751 sapientium]
421 1685 586 1753 capucium
601 1690 644 1740 ed.
658 1703 700 1752 pr.
718 1700 822 1753 meque
842 1683 981 1735 donorum
999 1684 1105 1738 civium
1124 1701 1176 1740 stt·

121 1759 319 1823 scientiamque
331 1759 455 1821 trenusio
467 1771 501 1807 ex
515 1758 651 1807 veteribus
664 1759 740 1807 libris
754 1755 1037 1807 nemoretcorrudus.
1070 1770 1176 1824 tneque
1200 1800 1204 1807 .

124 1830 268 1878 bonorum·
282 1827 509 1892 sapientiamque
527 1828 632 1878 ciuium
649 1826 776 1890 penurie
795 1826 888 1875 Lami.
927 1824 1007 1874 Certe
1028 1826 1177 1888 simplicior

124 1900 195 1947 liaeo
215 1898 359 1946 vetitorum
374 1897 515 1946 collocatio
528 1904 580 1946 est.
614 1898 681 1955 [Sed
693 1909 788 1959 parum
802 1894 853 1946 illo
865 1900 1047 1946 consentanea
1061 1895 1176 1951 cicero.

124 1966 170 2016 nis
182 1965 297 2016 artificio
312 1965 455 2015 verborum
466 1965 637 2024 collocandi]
1131 1974 1135 1980 ’

87 2047 98 2077 t
160 2037 186 2085 ³.
218 2037 315 2086 morte
332 2036 374 2085 ed.
388 2047 430 2098 pr.
443 2036 566 2087 mortem
578 2035 674 2088 hami.

90 2185 210 2249 angmeq
219 2185 236 2226 a
244 2172 359 2237 collegis
368 2174 485 2242 domtus,
499 2175 614 2238 populus
654 2186 699 2225 me
709 2170 822 2225 versuti
834 2185 942 2239 sumus,
955 2174 1177 2241 consolatusque

90 2251 183 2294 autem
197 2243 403 2293 nominationem
420 2243 569 2296 sanciebat.
654 2257 751 2306 meus,
780 2243 830 2307 qui
855 2243 937 2293 illum
957 2245 1052 2307 perimo
1071 2245 1178 2295 leviter

142 2312 263 2372 iuratus]
288 2313 331 2360 Ex
349 2312 469 2362 hocloco
483 2315 614 2365 rationem
652 2312 894 2380 perstrincerot,
917 2313 991 2363 idem
1009 2327 1061 2364 ttoc
1074 2326 1195 2371 rerum*

89 2391 257 2441 cognoscere
275 2378 341 2430 licet
360 2393 492 2444 augurum
514 2396 615 2434 oreon·-
654 2393 786 2434 meorum
797 2384 957 2448 qestaruot,
974 2396 1045 2448 quos
1058 2383 1107 2434 ille
1120 2385 1177 2434 od-

89 2452 196 2498 dornm.
231 2450 325 2512 ltaque
334 2449 439 2501 iuratus
453 2465 521 2511 eum,
535 2465 614 2515 quem
654 2451 819 2504 mirabatur
827 2483 836 2514 ,
853 2453 938 2501 lottote
953 2453 1158 2503 coniunoerot.

91 2516 394 2582 aliquisprotiosuisset,
413 2521 527 2582 collegio
535 2533 615 2582 quarn
706 2519 817 2582 gloriosi
828 2520 944 2579 laboris]
967 2522 1080 2572 Laboris
1099 2523 1128 2572 lu
1145 2534 1178 2571 eo

89 2587 211 2637 ntexime
231 2587 337 2650 dignum
349 2600 411 2638 esse
430 2590 612 2640 confirmabat.
655 2588 752 2654 positi,
771 2588 946 2637 othonorum
967 2589 1066 2637 civium
1081 2599 1178 2640 aucto-

89 2655 165 2708 riute
186 2663 277 2706 eutem
300 2667 467 2719 consequens
490 2665 550 2709 erat
572 2665 612 2723 ut,
655 2658 763 2708 ritatem
784 2657 818 2707 ab
841 2655 945 2704 iniuriis
964 2658 1125 2718 perditorum
1144 2672 1178 2710 ao

90 2725 138 2788 qui
156 2726 271 2786 plurime
293 2726 428 2788 sutfragia
447 2726 571 2794 tulisset,
595 2739 614 2780 u
656 2727 852 2778 sceleratorum
866 2727 999 2775 hominnm
1013 2728 1177 2777 defenderet.

90 2793 207 2856 collegis
223 2795 440 2857 inauguraretur.
708 2801 735 2847 3.
776 2795 910 2844 leviorum
934 2797 1045 2855 artium]
1077 2797 1179 2862 Levior

142 2865 169 2912 2.
203 2864 368 2914 alienissimo
391 2863 434 2914 rei
457 2877 482 2925 p.
506 2870 614 2928 tempo·
657 2877 724 2917 sune
744 2876 778 2915 sc
798 2865 905 2913 felicior
920 2864 1038 2915 condicio
1052 2873 1095 2914 est
1110 2877 1179 2929 poe.

91 2932 137 2990 re]
162 2928 229 2981 Cum
248 2934 349 2982 bellum
367 2930 439 2982 iuter
458 2934 614 2996 Pompeium
656 2934 837 2997 tarttmqttom
851 2944 960 2999 corum,
981 2935 1026 2997 qui
1038 2935 1133 2985 mediis
1150 2935 1180 2985 in

91 3007 121 3050 et
137 2997 300 3066 Gaesarem,
324 3013 376 3064 quo
393 3009 476 3053 totam
488 3015 546 3052 rem
563 3017 615 3065 pu·
656 3004 744 3054 turbis
760 3003 888 3052 civilibus
901 3005 1108 3065 rempublicam
1126 3017 1179 3067 gu-

90 3068 193 3119 blioam
206 3082 333 3120 eversum
345 3070 381 3120 iri
397 3071 451 3121 iem
465 3072 509 3120 diu
525 3085 614 3135 ougu—
656 3075 769 3123 bernare
790 3073 898 3122 debent.
933 3073 1027 3133 ltaque
1047 3085 1100 3123 non
1119 3080 1180 3124 erat

89 3138 204 3190 rebatur
216 3137 328 3206 Cicero,
351 3147 508 3201 erupturum
523 3149 614 3190 essett
657 3141 831 3192 cornonnnlli
841 3141 970 3205 dicerent,
982 3142 1115 3194 iactanter
1129 3145 1180 3194 lius

88 3208 119 3257 id
135 3208 206 3270 quoti
224 3218 325 3268 paucos
343 3221 452 3258 menses
466 3219 527 3270 post
541 3211 614 3259 llor-
657 3218 730 3262 artes
750 3210 883 3270 appellari
901 3210 1028 3259 leviores.
1063 3212 1132 3264 Ceto
1154 3226 1180 3267 ο.

88 3275 173 3327 tonsii
185 3283 298 3327 mortem
310 3278 433 3328 evenita.
442 3292 467 3328 u.
474 3277 534 3330 705.
543 3280 615 3338 (69.)
658 3278 708 3342 14,
726 3278 769 3329 50.
795 3278 870 3340 Quid
888 3278 919 3329 in
938 3279 1094 3334 levioribus
1113 3283 1181 3334 stu·

76 3344 227 3409 [Tempus
243 3346 272 3395 iu
285 3345 385 3398 talibus
397 3348 522 3397 formulis
536 3350 568 3397 (le
582 3360 617 3398 eu
657 3349 730 3412 diis,
748 3348 799 3396 secl
819 3349 915 3397 totnett
934 3345 1051 3399 ocutis?
1085 3352 1179 3415 Quom

88 3425 183 3465 rerum
207 3414 381 3482 condicione,
412 3429 475 3465 cum
499 3417 615 3468 alicuius
657 3417 799 3484 qoudeitut
816 3416 886 3466 betto
906 3430 957 3467 suo
971 3418 1080 3469 Punico
1097 3421 1180 3474 Nae-

62 3542 65 3547 ,
88 3483 169 3534 selus
180 3482 209 3532 in
222 3484 343 3545 periculo
359 3494 502 3551 versetur,
523 3487 615 3549 legiti-
657 3488 739 3552 eius,
757 3499 842 3550 quom
859 3487 1034 3539 Truculento
1048 3490 1181 3558 Plautus,

89 3565 165 3603 suurn
182 3565 245 3602 esse
262 3552 341 3603 docet
358 3553 465 3606 Ruhnk.
484 3554 512 3605 iu
529 3556 614 3607 Rutil.
659 3554 906 3621 quoml’seudolo!
932 3559 999 3615 [Sed
1014 3561 1182 3621 probabilius

88 3621 161 3684 Lus.
179 3635 207 3682 p.
221 3620 280 3680 28.]
561 3644 565 3650 ¹
658 3624 802 3686 estpoesin
812 3637 873 3673 oum
884 3627 1021 3688 gravitate
1030 3635 1182 3679 ceterarum

97 3689 103 3695 ’
141 3691 191 3738 sed
208 3691 325 3750 socium]
349 3690 510 3740 Hortensius
522 3691 616 3743 indeo
657 3693 869 3758 disciplinarum,
880 3695 1182 3760 potissimumeloqueu·

88 3759 235 3810 consulatu
252 3758 391 3809 Ciceronis
415 3761 536 3810 consiliis
555 3761 615 3829 eius
657 3761 712 3812 tiae
720 3764 852 3812 contendi.
886 3765 946 3815 Non
958 3766 1029 3814 enim
1042 3774 1183 3826 poetarum

87 3828 220 3892 terebat,
237 3840 299 3878 cum
315 3835 396 3878 antea
413 3830 446 3879 de
462 3842 493 3879 re
507 3830 615 3892 ptrblictt
658 3832 748 3893 agitur
761 3829 896 3899 condicio,
915 3835 964 3882 sed
977 3837 1067 3894 poesis
1084 3843 1181 3885 aucto·

87 3897 203 3948 multum
213 3897 283 3946 inter
294 3909 324 3946 se
334 3897 521 3949 dissedissent.
540 3899 616 3950 lnire
658 3902 727 3952 ritus
742 3901 811 3950 etin
822 3900 882 3951 vite
894 3903 1025 3952 communi
1040 3905 1182 3956 existima·

88 3976 116 4016 ο.
129 3963 181 4025 94„
197 3965 249 4015 Sic
265 3966 417 4017 duodecim
438 3970 505 4032 post
521 3980 616 4018 meum
658 3969 705 4021 tio.
741 3969 782 4019 ci.
797 3968 831 4018 dc
844 3968 891 4019 Or.
907 3971 936 4038 l,
955 3972 1011 4030 tit]

87 4034 273 4086 consulatum
295 4048 387 4087 anuos
418 4037 449 4085 in
478 4037 614 4088 maximis
707 4039 939 4100 poetasnohiles]
962 4040 1195 4092 Volturcium,
1289 4080 1293 4093 ,

87 4104 203 4168 causis,
219 4115 284 4154 cum
298 4118 349 4171 eqo
364 4103 436 4155 milti
448 4105 545 4172 illum,
562 4105 615 4155 sibi
657 4113 701 4156 tor
717 4103 863 4168 sopitoclcs
881 4115 908 4156 et
927 4109 957 4156 lo
971 4107 1054 4160 Citius
1070 4111 1181 4174 Ettripi-

86 4185 133 4225 tue
145 4172 196 4230 itte
205 4174 391 4242 misserret,
409 4174 613 4226 oouiuttctissi-
656 4177 698 4226 tiis
712 4178 828 4227 decessu
842 4173 971 4227 doluisse.

86 4377 103 4420 ,t
