2676 4748
128 306 173 414 ro
450 417 452 427 y
504 251 829 381 ’0100001110

125 499 181 550 hoc
194 506 280 562 opere
292 496 422 549 Platonis
435 495 564 547 demnas
577 497 687 548 ectitii.
701 510 705 533 ¹
722 497 868 565 Bprepins
881 509 952 551 aero
963 501 1109 567 medicant
1122 511 1207 567 00001

126 569 160 620 in
176 567 356 618 orationihus
373 568 579 630 praestantior
598 568 712 619 Brntns
727 568 841 635 suffecit
853 570 979 633 ponderi
992 570 1116 622 roranti
1132 572 1207 622 scias

126 649 192 689 enm
210 637 321 689 sentire
340 648 414 702 qaae
429 636 511 687 dicit.
546 637 603 685 Nec
623 636 704 687 aliter
716 639 826 693 Tacitus
837 639 865 687 in
877 652 910 689 ea
924 647 1002 702 parte
1015 640 1130 704 dialogi,
1155 653 1209 701 qna

124 707 289 761 moratores
303 706 455 772 invehitur,
481 718 507 755 c.
521 707 563 752 21.
586 706 734 772 Bratant,
748 707 803 772 ait,
825 708 1022 773 philosophiae
1035 722 1104 760 saae
1116 709 1208 758 relin-

123 778 257 844 aaamns'.
291 788 358 825 nam
376 773 406 823 in
424 773 605 824 orationihus
623 773 840 856 minorentpesse
853 778 934 844 forna
946 791 1000 828 sna
1014 779 1102 829 etiarn
1113 777 1209 828 admi-

124 848 246 898 ratores
266 845 328 896 eins
347 845 494 911 fatentur.
527 843 750 907 Philosophorum
769 857 804 894 ex
824 854 917 896 vetere
939 848 1085 899 Academia
1105 856 1208 898 rectam

124 922 237 965 secutus
251 921 309 979 est,
326 921 357 963 ut
368 914 397 961 in
408 915 490 962 Bruto
503 911 619 974 legimus
637 925 661 961 c.
673 915 717 962 31.
728 911 831 970 4007.
848 915 917 966 0110
930 917 1022 966 eodem
1036 930 1115 980 quem
1130 918 1208 966 modo

63 1011 66 1018 =
124 985 264 1036 attulimus
278 981 500 1042 Academicorum
510 982 587 1030 loco:
614 993 643 1028 v.
656 981 791 1033 Goerenn.
809 983 924 1034 DeFin.
937 987 973 1049 V,
996 991 1030 1052 3,
1047 978 1075 1038 7.
1110 987 1151 1036 Ac
1170 985 1208 1035 li·

123 1055 189 1110 bros
203 1053 262 1102 eius
277 1053 347 1102 haud
359 1051 440 1112 parvi
452 1049 578 1100 momenti
590 1049 678 1098 fuisse
691 1050 800 1112 opinor,
817 1053 978 1114 praesertim
991 1067 1052 1104 cum
1064 1066 1117 1104 non
1132 1066 1207 1106 ama-

123 1131 168 1174 tor
189 1127 293 1172 tantum
311 1120 513 1187 philosophiae,
536 1118 624 1180 qualis
638 1118 734 1168 Cicero
754 1127 829 1188 erat,
853 1133 948 1176 verum
959 1122 1019 1184 ipse
1032 1123 1207 1186 philosophus

123 1192 214 1244 inisse
233 1189 366 1239 videatur.
400 1180 490 1251 Libri,
515 1198 594 1249 quem
608 1185 831 1255 Ciceronimisit,
848 1189 892 1241 Be
907 1191 1025 1241 Virtute
1039 1190 1134 1257 Cicero
1147 1204 1207 1257 me,-

19 1250 25 1268 ³
122 1258 373 1326 0011000101,
389 1262 417 1309 3.
457 1257 566 1305 ’1000οΙ.
577 1255 615 1320 V,
633 1259 659 1306 1.
675 1263 702 1305 01
716 1258 820 1309 Seneca
834 1256 862 1308 in
875 1259 1064 1310 Consolatione
1082 1263 1117 1312 ad
1136 1261 1205 1309 Hel-

123 1332 199 1383 viam
216 1329 281 1383 eh.
296 1334 324 1378 et
336 1329 365 1377 9.
398 1327 483 1376 Porro
502 1323 615 1387 scripsit
633 1325 677 1376 Be
691 1323 803 1391 officiis
818 1327 879 1377 sive
891 1330 955 1395 aspi
968 1321 1158 1396 καθήκοντος,
1176 1334 1207 1378 01

123 1414 159 1451 ex
172 1400 293 1449 Senecae
305 1395 393 1457 Epist.
405 1392 451 1446 95.
487 1392 593 1444 citaris.
611 1407 637 1455 p.
652 1393 697 1443 83.
730 1394 872 1446 Prisciano
892 1398 960 1448 ’.1.1.
977 1410 1004 1459 p.
1017 1399 1080 1448 222.
1098 1399 1142 1449 ed.
1155 1398 1204 1448 ΚΓ.

123 1477 289 1534 cognoscere
301 1465 383 1525 licet;
408 1464 474 1512 item
485 1463 529 1514 De
540 1461 705 1528 Patientia,
723 1469 794 1514 teste
808 1465 936 1515 Diomede
954 1481 981 1529 p.
994 1465 1058 1517 378.

191 1537 311 1586 Transeo
324 1535 357 1584 ad
371 1533 481 1582 Brutum
495 1539 638 1583 oratorem.
672 1532 739 1581 Eius
753 1533 848 1584 laudes
861 1535 994 1585 oratorias
1008 1534 1077 1584 satis
1091 1546 1205 1598 magnas

122 1603 248 1656 extitisse
256 1616 290 1653 ex
297 1603 332 1651 iis
340 1601 513 1668 perspicitur,
526 1602 716 1663 qiraeinltruto
729 1614 753 1650 c.
760 1605 786 1651 6.
795 1602 872 1654 0105.
891 1604 986 1654 Cicero
994 1604 1113 1665 scripsit.
1132 1605 1205 1664 [vn-

40 1711 42 1718 ·
121 1687 183 1727 rum
201 1672 316 1724 dicentis
335 1670 497 1721 mediocrem
516 1672 588 1732 apud
606 1671 731 1732 populum
745 1671 832 1721 luisse
844 1675 967 1724 favorem
979 1673 1078 1723 callido
1092 1673 1205 1726 consilio

120 1745 195 1795 idem
213 1741 303 1805 aguit
320 1746 344 1789 t.
358 1740 402 1791 50.
426 1752 478 1808 epo
497 1737 565 1791 hoie
581 1741 677 1792 Brnto
690 1740 798 1792 diremi·
809 1743 845 1793 at
860 1743 934 1793 solet
946 1742 1024 1806 apnd
1037 1741 1205 1794 0101111001-
1249 1801 1252 1807 ,
1269 1735 1270 1744 ’

120 1825 205 1880 neni,
227 1810 302 1862 Mihi
313 1821 385 1860 cane
397 1810 428 1860 et
439 1809 563 1876 populo,
586 1809 626 1861 mi
638 1809 749 1875 Brate,
766 1811 917 1872 diarria]
951 1812 1102 1862 Paucorum
1115 1819 1206 1864 tamen

120 1882 273 1935 orationum
294 1886 439 1942 supersunt
462 1877 598 1942 vestigia:
628 1878 777 1930 attenuatur
797 1880 869 1931 enim
886 1893 943 1945 pro
964 1880 1105 1949 Deiotaro
1123 1893 1205 1950 repe,
1239 1915 1241 1920 .

121 1951 219 2004 000010
232 1948 395 2013 Capitolino
403 1949 471 2012 post
482 1960 580 1998 necem
590 1946 657 2000 latii
668 1947 803 2000 caesoris
815 1949 923 2017 hahita,
940 1950 1037 2001 oratio
1048 1963 1105 2015 pro
1113 1951 1205 2015 Appio

119 2019 242 2074 0100010
259 2018 386 2070 Pulchro
406 2025 434 2067 et
452 2020 546 2081 [quam
559 2018 593 2068 ab
606 2017 686 2079 Appii
700 2018 855 2070 defensione
868 2021 951 2070 nolim
964 2020 1104 2084 distingui]
1126 2021 1206 2072 eins-

16 2139 18 2146 ,
119 2092 187 2145 dem
199 2089 328 2140 andario
344 2091 389 2148 (v.
399 2088 571 2137 Drumannus
587 2087 617 2136 Τ.
627 2086 664 2135 ΙΙ.
682 2090 810 2154 01970,
827 2097 962 2151 postremo
974 2090 1103 2141 haadotio
1117 2089 1205 2142 dato-

76 2217 79 2223 ,
119 2161 168 2213 nis
185 2157 326 2210 Uticensis
343 2161 386 2216 (v.
401 2155 457 2206 Cic.
472 2157 506 2206 ad
518 2153 760 2218 Attlc.x111,4o.
784 2158 855 2225 xil,
873 2161 947 2223 21),
969 2159 1014 2208 cui
1026 2160 1097 2226 libro
1108 2159 1212 2224 Augu·'

54 2253 59 2268 =
120 2237 182 2282 stus
201 2227 326 2291 opposuit
344 2225 502 2289 Rescripta
519 2225 615 2276 Bruto
629 2225 664 2275 de
678 2222 785 2277 Catone
802 2227 926 2285 (Sueten.
939 2227 1036 2278 0ctav.
1048 2228 1116 2288 80).
1150 2231 1205 2281 Sed

120 2301 155 2351 de
173 2299 216 2350 his
234 2309 296 2348 oum
315 2295 344 2347 10
362 2295 527 2345 collectione
542 2295 684 2344 oratorum
696 2296 876 2347 Romanorum
892 2311 919 2359 p.
933 2295 994 2348 205.
1018 2298 1069 2355 (cf.
1086 2298 1204 2350 Ellendt.

120 2371 248 2431 Prolegg.
262 2366 290 2415 in
301 2367 412 2415 Brutum
428 2378 454 2426 p.
468 2362 626 2422 cxxvll.)
644 2362 835 2432 disseruerim,
858 2366 940 2425 nolim
954 2367 1068 2449 amplius
1081 2367 1205 2430 disputa·
1248 2407 1252 2414 .

117 2451 160 2490 re.
194 2436 274 2496 Alias
292 2441 435 2496 praeterea
447 2434 549 2483 multas
568 2431 712 2482 conciones
725 2435 837 2484 Brutum
848 2434 992 2498 reliquisse
1006 2435 1074 2487 satis
1089 2445 1204 2489 constat.

119 2505 274 2559 Cremutius
292 2503 365 2553 enim
386 2501 490 2552 Gordus
510 2502 582 2564 apud
602 2502 725 2570 Tacitum
740 2504 791 2564 (A.
806 2503 858 2569 lv,
876 2501 934 2564 34.)
952 2505 994 2555 his
1007 2504 1036 2554 in
1049 2508 1206 2558 defensione

119 2588 172 2628 sna
191 2575 277 2625 utitur
294 2571 404 2623 verbis:
431 2568 589 2623 Antonii
613 2569 801 2635 epistolae
818 2574 850 2623 et
864 2573 981 2639 Bruti
1003 2575 1204 2629 conciones

120 2647 199 2714 falsa
218 2643 331 2711 quidem
351 2642 383 2691 in
402 2639 562 2706 Anprtstnm
581 2641 710 2708 probra,
732 2641 785 2692 sed
798 2642 891 2702 mtdta
902 2656 967 2693 cant
979 2645 1138 2697 acerbitate
1149 2646 1204 2698 ha·

118 2716 206 2775 hentr
235 2712 367 2765 carmina
383 2708 512 2761 Bhocrni
530 2707 686 2760 010010111
709 2711 828 2776 referta
848 2714 1028 2763 contumeliis
1047 2714 1206 2771 Caesarum

117 2783 259 2852 topantnr
266 2794 278 2841 ‚⁰
299 2780 351 2832 sed
368 2777 429 2842 ipse
442 2779 527 2829 diosas
541 2776 649 2843 iatine,
665 2778 727 2841 ipse
740 2779 825 2830 dions
836 2774 982 2845 Aapnstns
995 2785 1026 2833 et
1037 2783 1205 2837 intercisio

119 2857 151 2906 et
163 2853 321 2918 retiqnere.
355 2848 471 2898 Bosnem
484 2846 561 2896 Bruti
574 2845 660 2896 libros
672 2847 787 2897 ovidius
798 2847 936 2917 intelligit,
953 2850 1041 2913 quiin
1052 2852 1120 2918 ltpp
1125 2850 1203 2908 Puni·

26 2954 28 2961 2
118 2925 152 2991 1,
171 2925 204 2991 1,
221 2917 266 2970 24.
283 2920 381 2969 librum
395 2928 474 2966 suum
484 2913 524 2965 ita
538 2917 705 2966 commendat
716 2915 818 2966 emico:

223 2988 307 3053 Qnod
323 2981 451 3051 metans,
472 2981 532 3035 non
546 2984 609 3033 est.-
629 2984 739 3036 Antoni
754 2982 869 3048 scripta
883 2985 1032 3056 lepantnr,
1126 2998 1128 3002 ·

294 3057 395 3106 doctas
412 3051 490 3105 etin
506 3053 646 3117 prompta
660 3053 774 3107 scrinia
789 3055 902 3106 Brntas
921 3055 1015 3107 hahet.
1118 3118 1120 3123 ¹

118 3128 170 3180 liis
185 3125 254 3179 enim
269 3126 396 3177 versibus
409 3130 491 3187 negat
502 3123 656 3185 Augustum
669 3125 703 3174 ab
714 3125 827 3187 legendo
839 3124 925 3187 ipsius
941 3126 1033 3176 libello
1045 3139 1204 3192 quemquam

118 3211 182 3249 esse
201 3195 406 3258 deterriturum,
430 3192 553 3256 quamvis
567 3192 652 3243 oderit
664 3201 818 3259 auctorem,
836 3206 896 3243 cum
908 3195 1023 3246 aliorum
1034 3199 1203 3267 scriptorum,

118 3278 187 3333 quos
206 3266 277 3315 idem
295 3265 409 3313 infestos
429 3263 566 3317 habuerit,
590 3262 675 3313 libros
688 3272 782 3314 extare
796 3264 980 3325 concesserit,
1004 3267 1081 3316 velut
1093 3270 1204 3320 Antonii

118 3336 250 3399 epistolas
274 3340 301 3383 et
325 3332 401 3382 Bruti
425 3332 585 3395 conciones,
622 3332 741 3383 refertas
763 3331 828 3382 illas
851 3334 1021 3385 contumeliis
1047 3336 1216 3389 Octaviani

119 3405 195 3466 Quae
214 3415 345 3453 versuum
358 3401 504 3462 explicatio
525 3400 595 3451 haud
615 3401 672 3449 scio
688 3414 723 3452 an
737 3408 862 3464 praestet
874 3401 917 3468 ei,
935 3417 1013 3466 quam
1026 3405 1204 3458 Weichertus

116 3475 147 3526 in
159 3474 303 3524 Poetarum
314 3469 447 3533 Reliquiis
463 3483 491 3532 p.
505 3472 568 3521 126.
584 3470 690 3537 attulit,
706 3469 786 3532 quasi
796 3472 895 3522 Brutus
908 3472 993 3523 libros
1012 3475 1139 3536 quosdam
1159 3476 1205 3527 in-

118 3540 267 3592 verecundi
285 3539 492 3603 propudiosique
512 3539 663 3602 argumenti
683 3539 804 3589 ediderit.
845 3541 922 3600 Quod
934 3550 1024 3593 autem
1038 3544 1108 3592 idem
1118 3547 1204 3598 wil.

118 3615 229 3663 chertus
249 3622 304 3659 unu
318 3621 379 3659 cnm
390 3607 502 3657 Heinsio
517 3614 545 3657 et
558 3607 693 3658 Ellendtio
711 3623 738 3671 p.
753 3607 866 3678 CXXX.
885 3612 987 3678 credit,
1009 3611 1203 3666 0100100010-

118 3681 220 3733 cundos
233 3677 310 3727 Bruti
323 3677 409 3728 libros
423 3690 441 3729 a
453 3677 539 3726 Statio
552 3677 621 3727 Silv.
634 3679 684 3746 lv,
703 3679 735 3744 0,
753 3678 797 3730 20.
816 3679 981 3747 significari,
1002 3681 1030 3731 id
1044 3694 1109 3733 sane
1122 3696 1202 3746 pror-

119 3763 167 3799 sus
181 3750 313 3798 incertum
327 3748 404 3797 duco.
439 3746 543 3797 Statius
558 3746 628 3796 enim
640 3747 788 3810 obiurgans
801 3749 926 3814 amicum,
945 3751 1014 3813 qirod
1025 3750 1122 3802 librum
1134 3756 1203 3806 dono

117 3818 255 3886 misisset,
271 3821 326 3869 non
337 3815 425 3880 ipsius
438 3814 576 3868 orationes
588 3817 784 3884 continentem,
807 3820 857 3870 sed
869 3820 990 3871 libellum
1003 3819 1083 3872 tineis
1095 3824 1202 3887 situque

119 3896 235 3956 putrem,
326 3951 386 4005 Sed
401 3949 493 4002 Brati
509 3916 794 4006 renuntiationes

327 4023 363 4075 de
381 4014 469 4085 rapsa
484 4018 586 4071 miseri
602 4020 749 4074 iihehionis

328 4091 534 4212 {Zamae-plns
552 4089 644 4140 minus
661 4103 726 4143 aete
744 4087 849 4144 drino
