2676 4748
541 320 625 418 cap.
642 324 705 396 23.
766 301 768 314 ἔ
886 360 892 366 ·
1117 328 1164 397 di

81 512 179 583 tibus
195 512 256 581 illa
272 511 328 581 die
344 508 539 601 quaestione
551 513 715 581 liberatos
731 531 819 582 esse.
869 509 1007 586 XXIII.
1035 512 1092 586 89.
1112 514 1165 584 llx

83 602 146 669 bac
160 601 286 669 Rutilii
299 602 492 668 narratione
507 603 675 690 suspicari
688 603 787 681 lieet,
808 621 884 671 culn
906 602 993 668 duae
1013 602 1164 671 summae
1251 626 1256 635 ‘

83 693 155 759 sint
176 690 211 755 in
234 697 368 756 oratore
388 688 526 770 laudes,
554 710 620 754 una
643 689 817 754 subtiliter
835 687 1030 778 disputandi
1046 690 1088 757 ad
1105 690 1166 758 tlo-

84 775 239 858 eendum,
261 779 366 845 altera
379 776 528 863 graviter
543 775 662 861 agendi
676 775 718 841 ad
732 777 857 840 animos
872 776 1075 844 audientium
1088 800 1166 868 per-

78 858 285 947 'movendos3
315 867 488 951 multoque
502 863 581 952 plus
597 864 752 952 proficiat
764 861 813 942 is,'
841 865 900 949 qui
915 865 1098 932 inflammet
1112 866 1167 932 iu·

85 951 214 1032 dicem,
235 974 334 1039 quam
349 952 425 1032 ille,
448 952 506 1037 qui
522 950 656 1017 doceat:
679 950 877 1034 elegantiam
891 952 927 1016 in
937 951 1071 1035 Laelio,
1096 955 1165 1023 rim

83 1040 121 1107 in
144 1039 254 1107 Galba
272 1039 390 1106 fuisso.
433 1037 528 1124 Quae
548 1037 682 1125 quidem
702 1040 752 1103 vis
773 1046 845 1103 tum
869 1040 1010 1106 maxime
1032 1043 1166 1128 cognita

80 1132 159 1207 est,
179 1149 252 1193 eum
266 1123 439 1192 Lusitanis
457 1148 476 1190 a
491 1125 565 1192 Ser.
583 1124 691 1192 Galba
705 1132 863 1212 praetore
881 1135 997 1199 contra
1016 1127 1168 1218 interpo-

86 1215 207 1297 sitam,
229 1220 268 1278 ut
282 1213 548 1292 existimabatur,
568 1211 668 1278 fidem
684 1210 882 1293 interiectis,
900 1213 943 1282 L.
960 1212 1088 1282 Libone
1103 1221 1168 1283 tri-

32 1368 34 1372 .
84 1300 176 1367 buno
207 1301 318 1388 plebis
347 1300 508 1404 populum
537 1300 699 1365 incitante
725 1309 764 1364 eb
792 1300 998 1385 rogationem
1027 1304 1062 1370 in
1085 1302 1170 1373 Gal·

85 1388 165 1453 bam
185 1388 354 1476 privilegii
369 1388 512 1452 similem
526 1387 671 1466 ferente,
692 1407 820 1451 summa
839 1395 1029 1471 senectute,
1050 1397 1091 1458 ut
1108 1413 1169 1457 an-

40 1550 51 1561 „
86 1478 123 1541 t‘e
144 1473 231 1555 dixi,
255 1473 305 1542 Μ.
324 1474 409 1543 Cato
432 1475 537 1557 legem
557 1472 703 1539 suadens
721 1473 756 1538 in
774 1471 916 1541 Galbam
935 1477 1042 1543 multa
1063 1477 1168 1545 dixit:

87 1582 189 1648 quam
215 1563 399 1645 orationem
420 1559 455 1625 in
477 1556 635 1646 Origines
655 1580 734 1625 suas
749 1561 910 1652 ¹rettulit,
936 1564 1054 1650 paneis
1074 1572 1170 1631 ante·
1205 1582 1207 1587 ’

83 1650 189 1736 quam
208 1654 362 1715 mortuus
384 1654 438 1715 est
457 1646 530 1733 [an]
554 1647 672 1714 (liebus
695 1667 739 1713 an
758 1646 942 1721 mensibus.
992 1656 1048 1735 90.
1075 1650 1169 1720 Tnnl

156 1823 207 1877 ilia
219 1824 284 1886 dle]
302 1823 347 1876 Sic
361 1826 403 1875 od.
417 1837 458 1887 pr.
475 1824 525 1874 illo
537 1822 585 1876 die
602 1823 696 1874 Iramb.
729 1821 975 1892 annonariam,
1003 1817 1095 1895 deleto
1110 1826 1170 1898 die,

124 1894 254 1946 Orellins.
290 1895 432 1958 [Vulgatis
448 1896 525 1945 favet
544 1894 778 1958 grammaticorum
792 1902 966 1957 praeceptum
979 1890 1170 1951 aScbneidero

124 1965 243 2015 Gramm.
261 1964 323 2015 Lat.
346 1979 374 2027 p.
386 1962 447 2014 348.
467 1977 525 2027 sqq.
559 1963 702 2025 diligenter
722 1962 895 2023 explicatum.
928 1965 980 2013 Sed
1001 1968 1171 2029 praeferrem

93 2032 96 2037 “
123 2031 173 2081 illa
185 2028 247 2100 dia,
264 2035 290 2082 b.
305 2046 329 2083 e.
345 2032 493 2084 virtutibus
506 2040 534 2082 et
547 2032 655 2095 egregie
671 2029 756 2093 gestis
770 2029 844 2081 illius
857 2030 911 2080 diei
928 2033 1021 2093 (quem
1032 2048 1112 2086 usum
1124 2045 1170 2089 at-

123 2102 185 2165 tigit
197 2105 303 2172 ltnbulr.
319 2103 346 2152 in
360 2102 460 2155 Vellei.
474 2102 514 2168 11,
529 2101 604 2167 35),
621 2100 674 2149 nisi
685 2107 837 2151 moraretur
848 2101 966 2152 additum
978 2105 1169 2168 quaestione]

159 2170 189 2221 C·
202 2175 245 2222 23.
259 2171 304 2223 89.
339 2172 448 2232 Rutilii]
475 2171 589 2223 Sioiam
604 2170 730 2220 Orellius.
764 2168 941 2222 autriaco.
961 2185 1002 2235 pr.
1037 2175 1170 2230 Rotaria-

88 2286 91 2291 .
123 2250 164 2291 aa
179 2242 238 2290 edd.
253 2242 346 2305 vulgg.

157 2310 317 2372 quamille,
335 2307 394 2372 qul]
416 2307 465 2360 ille
482 2320 534 2359 om.
547 2308 590 2358 ed.
602 2320 643 2371 pr.
779 2367 782 2373 ,

158 2379 192 2429 L.
206 2380 321 2438 Libone]
345 2378 376 2430 Τ.
388 2379 493 2429 Liberae
506 2380 547 2427 ed.
564 2390 604 2438 pr.
619 2389 679 2426 cam
693 2389 749 2427 rec.
761 2376 928 2442 quibusdam.

160 2460 197 2497 an
208 2448 303 2497 diebus
315 2459 350 2505 an
361 2449 513 2507 mensibus]
539 2447 642 2496 Firmat
658 2447 698 2494 ed.
711 2459 752 2506 pr.
777 2447 896 2513 Peneus,
916 2443 1038 2498 Handins
1050 2448 1170 2503 rurseu.

124 2514 157 2564 Τ.
173 2515 195 2564 1.
212 2531 239 2579 p.
252 2515 312 2566 608.
329 2524 358 2565 et
369 2518 488 2568 Orellius
502 2517 592 2565 delent
605 2515 679 2576 prius
695 2529 743 2564 aa.
777 2514 931 2564 Ochsnerns
943 2528 961 2566 a
972 2528 1015 2565 me
1029 2520 1170 2569 consultus
1247 2522 1250 2527 '

127 2587 196 2635 baec
216 2585 371 2646 rescripsit:
393 2586 552 2652 „Existimo
566 2585 709 2648 scripsisse
723 2583 879 2634 Ciceronem
899 2583 996 2634 diebus
1010 2599 1049 2634 art
1063 2588 1179 2637 onerat-2

83 2696 85 2701 .
127 2652 194 2718 bue,
212 2654 237 2702 si
250 2654 336 2717 magis
350 2662 457 2717 putaret
470 2651 629 2709 maieritum
653 2666 702 2700 nec
717 2653 835 2702 absimili
855 2652 960 2702 ratione
980 2653 1113 2706 diebaoae
1131 2672 1171 2708 aro

88 2766 93 2773 .
125 2723 285 2774 mensibus:
314 2725 363 2772 sed
385 2725 482 2775 aiebas
503 2725 549 2773 vel
564 2720 815 2788 (arelatensibus,
838 2723 883 2772 ael
897 2722 992 2772 aiebas
1007 2728 1172 2787 belmensi-

126 2792 189 2858 baa,
206 2792 230 2841 si
243 2799 365 2843 neutrum
377 2793 544 2857 probabilius
556 2793 744 2854 cognovissem
760 2787 929 2842 analabus?
946 2806 985 2842 art
996 2796 1137 2845 meroribus
1144 2791 1171 2862 b,
1212 2808 1213 2811 ’

126 2862 153 2910 si
169 2862 299 2912 tantulam
314 2875 374 2912 rem
394 2863 476 2913 anxia
490 2863 647 2925 quaestione
664 2862 770 2923 dignam
790 2859 964 2912 existimarit:
986 2875 1047 2912 curn
1065 2864 1172 2926 quidem

126 2931 288 2994 geminatum
298 2936 339 2981 'aa
351 2933 449 2992 duplex
463 2932 600 2998 requirere
615 2931 720 2992 signum
733 2927 877 2980 videtur.“
900 2932 1111 2995 Separanturduo
1120 2935 1172 2985 alii

125 2999 191 3060 loci,
208 2998 343 3060 inquibus
355 3001 597 3052 minutissimavox
609 3001 702 3050 turbas
716 2998 902 3049 concitaverit.
926 2997 1069 3066 c.44,162.
1088 3003 1172 3070 Erit,

125 3068 222 3133 inquit
232 3069 362 3134 Brutus,
379 3073 432 3120 aab
442 3069 501 3122 iam
515 3069 643 3132 aetitia,
668 3081 751 3132 qaam
764 3062 923 3130 aepactas?
945 3070 990 3117 ubi
1002 3072 1050 3119 aiii
1064 3084 1110 3121 aa.
1144 3086 1171 3123 a.

125 3137 177 3204 85,
194 3135 255 3188 294.
278 3137 411 3205 Oripiaeo
428 3151 500 3191 aero
517 3151 582 3190 cam
599 3139 724 3188 ornatibus
736 3136 878 3188 oratoriis
893 3138 1023 3188 laudabas
1037 3142 1171 3207 refertae

143 3289 301 3358 quaestione
330 3292 475 3355 liberatos]
509 3291 611 3347 Iudicio
654 3295 719 3354 ipsa
736 3299 827 3344 tamm
847 3294 1174 3360 cernebamdebere

91 3361 243 3416 absolutos.
654 3363 722 3413 Galo
735 3359 869 3428 decessit,
887 3369 950 3412 acta
962 3371 1018 3413 est:
1042 3367 1078 3415 ci.
1090 3379 1114 3416 o.
1128 3369 1174 3434 20,

143 3430 175 3480 c.
187 3435 231 3483 26.
243 3431 287 3483 89.
322 3432 498 3495 elegantiam]
526 3430 612 3482 Idne
653 3431 697 3482 80.
715 3443 765 3493 quo
778 3440 901 3491 spectant
914 3433 977 3495 ille,
994 3435 1112 3486 atalae
1126 3435 1175 3487 uo·-
1241 3462 1249 3485 t

90 3498 153 3564 qnia
167 3501 334 3550 adornatum
347 3503 611 3566 externnmreierat‚
654 3501 696 3553 ai.
721 3500 794 3548 ldem
806 3502 839 3550 L.
852 3501 1175 3568 ScriboniusLiboprae-
1232 3542 1238 3553 .

92 3569 164 3632 qnod
180 3570 214 3619 ad
231 3568 428 3636 integritatem,
447 3569 612 3632 diligentiam
654 3578 697 3620 ter
709 3569 844 3618 orationes
859 3570 957 3619 iibmm
970 3574 1095 3622 annalem
1107 3585 1173 3624 oon-

91 3646 122 3688 et
144 3650 237 3699 pamm
256 3638 361 3687 dicendi
384 3652 470 3701 genus
494 3645 612 3706 spectat,
654 3637 757 3690 recisse
769 3638 891 3707 videtur,
909 3639 1027 3690 cuiusin
1041 3642 1121 3705 epist.
1137 3644 1173 3693 ad

91 3707 203 3758 cavebit
212 3708 355 3757 Emeslius
368 3707 448 3758 Clavi
459 3708 515 3759 Oic-
653 3710 711 3759 Ata.
729 3706 816 3775 Xlll,
833 3707 876 3773 60.
890 3710 933 3757 62.
947 3705 990 3758 44.
1013 3710 1112 3761 mentio
1130 3718 1175 3761 est

142 3777 175 3826 Ι..
189 3777 305 3834 Libone)
330 3776 427 3826 cicero
445 3779 480 3827 ad
493 3775 617 3827 Atticum.
653 3780 738 3828 lacta.
1236 3826 1239 3833 ,

91 3843 158 3910 Xll,
176 3843 202 3897 5.
220 3845 367 3911 dubitabat,
385 3858 488 3896 annone
501 3844 563 3895 605.
578 3858 614 3895 an
706 3841 855 3907 privilegii·
881 3844 1012 3904 similem]
1057 3846 1174 3909 angerro

91 3911 155 3965 604.
173 3913 296 3966 tribunus
309 3916 343 3974 pl.
355 3915 454 3964 inisset
466 3916 541 3963 Libo.
561 3914 613 3964 Vi·
655 3914 763 3979 proprio
783 3910 889 3962 nomine
908 3913 1079 3976 privilegium
1103 3923 1173 3982 eret,
1216 3940 1219 3944 ¹

90 3983 128 4033 de
148 3995 271 4050 quaeso,
288 3983 327 4048 1..
341 3984 410 4034 Libo
423 3984 486 4049 illa,
508 3982 558 4049 qai
575 3983 612 4035 de
654 3984 680 4034 si
699 3984 805 4047 quidem
823 3992 876 4030 non
893 3982 975 4032 alium
992 3982 1045 4031 nisi
1059 3983 1174 4036 Galbam
1233 3997 1236 4002 ·

90 4053 158 4103 Ser.
173 4051 260 4102 Galba
268 4086 278 4120 ‚
294 4052 487 4105 Caesarianae
501 4055 531 4104 et
543 4053 612 4104 Ma·
653 4051 790 4115 spectavit
803 4050 914 4111 eiusque
927 4051 1008 4113 capiti
1021 4051 1101 4113 priva
1111 4054 1174 4117 lege

89 4121 162 4173 adio
181 4135 221 4171 aa
239 4121 271 4174 Τ.
290 4124 425 4190 Quintio,
449 4121 502 4174 Μ’.
518 4122 610 4173 Acilio
652 4133 766 4185 laeenam
779 4118 926 4181 irrogavit:
944 4133 972 4167 v.
984 4120 1055 4169 Geli.
1067 4121 1109 4191 X,
1127 4119 1173 4178 ab.

88 4190 252 4247 commuue
275 4192 411 4248 tribunat
431 4193 473 4262 pl.
503 4190 610 4258 saera.
653 4187 1057 4261 [nduezmnem.1.p.oa]
