2676 4748
121 304 169 383 ⁰2
426 340 429 349 ·
542 296 783 375 chunos}

122 493 178 561 illi
191 489 462 560 contubernalem
475 491 511 558 iu
524 494 703 573 consulatu
717 493 825 559 luisse
837 489 1020 574 narrabat}
1044 511 1204 559 canorum

122 588 291 648 oratorem
314 588 350 646 et
369 580 548 647 volubilem
570 589 606 647 et
628 580 714 648 satis
738 601 866 660 acrem,
897 578 1151 666 atqueeuutlem
1168 585 1206 647 et

121 670 347 737 vehementem
361 674 397 732 et
410 667 508 735 valde
522 666 653 735 dulcem
667 675 704 734 et
715 669 921 755 perfacetum
937 668 1044 734 luisse
1053 666 1220 743 dicebatt,

122 753 280 837 addebat,
296 753 503 823 'industrium
515 756 617 821 etium
631 763 666 822 et
680 755 884 840 diligentem,
898 761 933 820 et
945 755 981 821 in
992 756 1207 822 exercitatio·

121 844 223 911 nibus
240 842 641 929 commentationibusque
663 845 804 908 multum
826 864 950 929 operae
970 843 1106 908 solitum
1128 864 1205 909 esse

147 952 260 999 onere.
302 934 381 999 106.
401 928 468 996 Hic
487 930 635 1019 optimus
649 929 722 997 illis
737 930 946 1018 temporibus
967 938 1022 996 est
1040 937 1204 1019 patronus

120 952 276 1100 babitus,
304 1038 411 1103 eoque
430 1018 540 1083 forum
566 1024 699 1083 tenente
725 1019 821 1104 plura
842 1017 915 1082 fieri
936 1014 1062 1082 iudicia
1086 1038 1204 1105 coepe-

120 1115 214 1175 runt.
254 1112 380 1170 namet
394 1104 608 1192 quaestiones
623 1112 806 1194 perpetuae
818 1105 878 1170 boc
896 1104 1109 1171 adolescente
1124 1127 1203 1172 cou-

120 1195 263 1265 stitutae
285 1199 385 1274 suut,
411 1211 496 1280 quae
520 1199 618 1261 antea
640 1193 752 1260 nullae
771 1192 925 1260 bierunt:
955 1189 999 1263 L.
1017 1192 1106 1260 euim
1120 1190 1203 1262 Piso

189 1378 271 1435 atque
285 1369 411 1429 eundem]
426 1369 528 1420 Locum
540 1366 748 1431 transpositione
760 1368 909 1421 sanandum
920 1367 1125 1422 essecomadns
1139 1382 1203 1421 sen-

157 1439 210 1491 sit:
232 1451 372 1490 canoram
392 1440 542 1489 oratorem
562 1439 594 1488 et
614 1438 763 1490 volubilem
783 1440 813 1489 et
832 1439 906 1489 satis
919 1450 1018 1491 acrem
1036 1441 1072 1490 et
1090 1440 1202 1491 celte-

155 1511 313 1561 mentem
342 1509 456 1575 utque
485 1507 639 1560 eundem
668 1510 700 1560 et
722 1509 805 1561 vaide
829 1507 940 1561 atacem
962 1510 993 1561 et
1014 1510 1203 1576 perfacetum

192 1580 259 1630 isse.
871 1596 882 1621 ,-

154 1581 474 1705 indicebat-addebat]
504 1644 659 1709 Legeumm
676 1657 737 1695 cum
755 1644 901 1711 hancine,
915 1651 917 1655 ’
932 1644 1202 1701 dicebant-edde-

154 1716 240 1768 bant:
261 1728 341 1779 qnam
352 1714 495 1765 lectionem
510 1721 685 1779 corruperunt
696 1715 816 1779 librarii,
840 1714 1017 1778 respicientes
1035 1719 1070 1767 ad
1086 1731 1201 1781 praece-

155 1788 222 1838 dens
243 1783 398 1836 narrabat.
434 1782 534 1835 Contra
559 1784 605 1847 qui
630 1783 753 1835 ciceroni
776 1785 895 1834 tribuunt
914 1787 1094 1836 anacoluthon
1118 1791 1202 1850 (queo

154 1854 261 1908 iaciunt
271 1854 354 1905 etiam
366 1856 402 1905 A.
417 1852 646 1904 cretaceum-hat.
660 1853 707 1903 Gr.
725 1868 751 1915 p.
762 1850 922 1919 eoasque
934 1855 1065 1906 Matthiae
1079 1857 1202 1909 (10000-

153 1924 270 1975 colutbis
287 1924 400 1988 p.11.),
425 1934 518 1983 parum
537 1921 612 1971 illius
631 1923 723 1972 honori
740 1924 941 1974 cousuluerunt.
980 1925 1050 1974 Nam
1063 1925 1088 1974 si
1101 1928 1161 1978 ulla
1172 1927 1201 1983 iu

153 2006 203 2057 re,
227 1991 255 2040 in
275 1993 325 2042 hae
340 1999 413 2041 certe
427 1991 602 2042 librationum
615 1989 681 2041 illud
696 1993 851 2053 tenendum,
875 1992 932 2042 Est
946 1994 1047 2043 neceas
1060 1994 1093 2044 iu
1106 1996 1199 2046 00000.

155 2063 362 2123 [Verumtamen
370 2067 566 2121 estcurpartes
577 2060 810 2123 grammaticorum
824 2062 939 2123 nonium
950 2064 1052 2114 audeas
1064 2066 1199 2115 deserere.

153 2130 281 2182 Profecto
303 2129 351 2178 vix
371 2129 502 2203 credibile
516 2127 639 2195 videtur,
668 2129 693 2178 si
706 2129 850 2191 probamus
863 2129 950 2197 istud,
974 2132 1135 2201 00000000,
1153 2135 1200 2185 in-

153 2199 415 2250 dustriam-esse
430 2208 556 2262 ponere,
577 2198 659 2248 talem
679 2210 791 2263 vocem,
816 2201 1084 2261 quae-contubernali
1096 2202 1199 2255 carco-

152 2268 197 2319 uie
211 2269 282 2318 foret
297 2265 464 2332 dignissima,
484 2267 517 2315 de
530 2265 690 2318 domesticis
706 2268 803 2317 studiis
817 2269 1044 2324 characteribus
1056 2285 1120 2324 esse
1134 2285 1200 2338 pre-

153 2338 264 2388 lectam.
298 2336 393 2401 ltaque
406 2335 621 2385 concesserimus
634 2350 731 2402 unum,
749 2337 869 2406 silibet,
885 2338 1040 2402 dicebabid

188 2406 249 2457 100.
284 2404 447 2472 constitutae
461 2406 537 2468 suut]
557 2406 628 2461 aaut
644 2417 696 2463 om.
715 2407 757 2460 ed.
769 2419 813 2472 pr.

117 2587 149 2631 nt
167 2577 314 2643 prinoipem
330 2581 420 2632 locum
432 2578 503 2633 inter
516 2589 638 2634 oratores
680 2594 733 2633 nus
747 2582 783 2645 pl.
798 2579 860 2634 tuit.
893 2583 936 2632 Ac
949 2593 1002 2632 non
1014 2580 1094 2635 huius
1111 2584 1200 2636 solum

118 2650 266 2710 superioria
281 2651 379 2702 aetatis
392 2651 532 2702 obtineret.
566 2653 638 2705 Vide
680 2652 786 2714 legibus
805 2651 906 2702 acriter
917 2653 1078 2718 resistebat,
1103 2666 1200 2706 verum

117 2731 144 2769 c.
157 2720 214 2777 80]
251 2717 376 2770 Ceterum
398 2721 432 2771 de
449 2722 482 2772 L.
501 2719 591 2772 Gellio
611 2733 637 2771 c.
681 2722 763 2771 etiam
770 2718 800 2770 G.
809 2720 932 2769 Graccho
943 2721 1048 2771 tribuno
1060 2722 1199 2783 placat.

116 2786 162 2841 tr.
179 2787 292 2837 (licetur.
681 2791 778 2838 et632.
792 2794 847 2838 tam
860 2789 959 2838 acerbe
971 2798 1013 2839 est
1024 2792 1207 2859 adversatns‚·

64 2906 67 2919 ,ἵ
167 2857 228 2906 100.
278 2854 450 2919 quaestiones
478 2857 638 2919 perpetuae]
680 2864 711 2908 ut
729 2855 813 2907 Gaius
832 2870 893 2906 eum
913 2857 1032 2909 oratione
1047 2861 1200 2911 maledictis

118 2925 639 2997 Apteapopuluscrimiuerubticaoi-
679 2926 762 2988 plena
774 2925 942 2988 prosciderit.
970 2926 1119 2979 Censorem
1133 2943 1198 2994 ges-

118 2992 271 3057 iuiicabat3
301 3005 363 3043 cum
392 3001 482 3045 autern
509 3006 637 3047 numerus
679 2995 716 3044 sit
728 3007 753 3045 a.
766 2991 842 3061 030,
858 3002 889 3043 ut
900 2994 929 3044 in
941 2995 1001 3046 viro
1012 2996 1198 3051 laudatissimo

117 3075 209 3113 eorum
228 3066 402 3115 vehementer
421 3072 581 3130 augeretur,
609 3072 637 3114 et
680 3063 835 3115 coniectare
860 3064 940 3130 licet,
975 3068 1134 3127 praeclare:
1168 3076 1198 3121 ut

117 3139 242 3194 quattuor
259 3132 323 3182 ucri
343 3139 484 3194 praetores
502 3133 588 3183 creati
608 3140 637 3183 et
679 3133 835 3184 censorius
854 3145 871 3184 a
891 3133 1069 3197 scriptoribus
1085 3137 1197 3199 quibus-

116 3201 288 3263 quaestiones
330 3213 436 3252 annuae
475 3203 636 3252 coristitutae
679 3205 741 3254 dam
753 3201 886 3264 appellari
897 3205 1034 3254 meruerit.
1057 3205 1197 3256 11010000-

116 3276 197 3334 suut,
226 3270 322 3332 quibus
340 3272 562 3335 repetundarum,
587 3283 636 3333 pe·
678 3284 759 3335 gnam
780 3271 968 3323 atteteritatem
987 3274 1197 3324 [1000100000-

116 3339 240 3403 cuiatus,
262 3339 414 3396 maiestatis
421 3375 430 3408 ‚
458 3341 573 3392 ambitus
591 3340 637 3389 iu·-
679 3340 815 3405 ciliaruut,
832 3341 929 3403 quibus
944 3342 1081 3392 historiam
1094 3344 1197 3393 Roma-

116 3407 189 3456 dicia
215 3410 418 3469 peragebantur.
457 3412 493 3460 V.
518 3409 636 3460 Ferratii
679 3421 774 3460 uorum
785 3409 846 3458 inde
858 3412 892 3460 ab
900 3412 972 3460 Urbe
985 3412 1090 3462 condita
1099 3412 1196 3462 athu-

93 3488 97 3495 ’
115 3474 255 3537 Epis-telae
272 3490 296 3536 p.
304 3476 346 3526 05.
370 3478 489 3543 iladvig.
502 3480 535 3530 de
547 3483 636 3530 Asco—
678 3479 741 3528 nica
763 3491 847 3540 usqrre
866 3480 939 3530 bella
952 3489 1095 3545 acquosus
1108 3480 1196 3540 ipsius

115 3546 162 3596 nio
179 3559 205 3605 p.
219 3543 278 3592 130.
296 3545 353 3594 alii.
677 3555 799 3608 tempora
814 3558 973 3615 persecutus
984 3555 1043 3616 est,
1066 3548 1090 3598 si
1105 3551 1196 3600 miuus

167 3614 199 3662 11·
220 3607 299 3670 Piso]
334 3614 366 3674 Ι..
388 3608 551 3674 calpurnius
570 3613 635 3667 Piso
677 3616 828 3672 elocutione
857 3619 974 3677 ineuntis
1004 3624 1033 3667 et
1065 3619 1197 3677 concinna

116 3680 200 3743 Frugi
223 3680 346 3731 tribunus
371 3684 405 3742 pl.
431 3683 577 3734 Censorino
608 3694 636 3736 et
677 3689 754 3746 (naun
776 3685 883 3736 exiliter
895 3687 1036 3750 iciuueqna
1049 3699 1110 3737 eum
1125 3689 1196 3739 scri-

115 3750 228 3801 blauilio
242 3761 314 3798 coss.
325 3761 352 3801 a.
365 3749 425 3800 005.
440 3751 531 3810 (tte.)
548 3756 636 3816 legem
677 3755 767 3817 psisse
787 3754 910 3807 Ciceroni
931 3764 959 3806 et
972 3756 1060 3807 Gellio
1079 3756 1134 3823 ΙΧ,
1154 3754 1196 3808 14.

116 3822 150 3869 (le
163 3818 286 3881 pecuniis
296 3819 452 3880 repetundis
466 3822 542 3887 tulit,
564 3825 635 3872 uude
678 3824 876 3875 concedendum
894 3829 970 3891 est),
1000 3832 1074 3875 certe
1092 3839 1197 3879 summa

117 3889 241 3951 quaestio
269 3889 479 3951 repetundarum
504 3898 636 3951 perpetua
677 3905 739 3942 carm
751 3893 803 3942 fide
817 3900 844 3943 et
856 3895 1001 3958 gravitate.
1035 3896 1076 3956 Dc
1089 3896 1197 3954 Pisonis

116 3966 214 4021 coepta
232 3964 275 4007 est
289 3957 427 4008 exerceri:
450 3971 478 4009 v.
490 3958 572 4009 verr.
583 3960 635 4027 iv,
678 3961 843 4012 orationibus
856 3963 922 4013 nihil
934 3971 1049 4032 constat,
1066 3964 1197 4030 nisiquctl

116 4025 160 4077 25.
186 4026 238 4078 oti.
252 4025 296 4089 11,
312 4030 357 4079 21.
384 4026 557 4078 Gorrsulatum
571 4041 634 4090 ges·
677 4031 783 4098 legem,
807 4044 886 4094 quem
906 4033 966 4094 ipse
986 4035 1020 4082 de
1040 4036 1197 4097 repetundis
1241 4047 1244 4053 ·

24 4108 27 4113 ·
117 4094 155 4143 sit
173 4107 228 4146 uua
241 4108 303 4147 ouon
317 4097 347 4146 P.
361 4095 596 4181 bipoioScaevola
610 4109 636 4149 0.
677 4101 788 4166 tulerat,
804 4101 900 4164 suasit,
917 4102 1009 4164 legum
1021 4106 1197 4154 0000108000-

116 4165 178 4214 621.
195 4175 247 4230 quo
260 4176 330 4219 nuno
344 4166 385 4219 bi.
399 4165 537 4220 croceum
550 4167 637 4223 ulbo-
679 4168 849 4238 pronianum,
870 4166 1028 4229 nominata
1046 4173 1199 4226 numenta-
1237 4186 1242 4194 ’
