2676 4748
543 300 631 402 Gap.
651 304 708 378 19.
727 304 786 379 so.
1144 309 1215 381 111

126 501 172 587 iis
185 497 246 588 qui
258 486 480 583 intelligunt?
521 491 629 563 Beata
644 494 803 584 requiris,
823 492 972 582 inquam,
991 493 1131 565 Attice:
1152 496 1217 568 sed

114 587 246 655 audies
261 608 302 653 ex
317 608 369 651 ine
383 585 541 664 fortasse,
562 581 653 671 quod
666 605 733 649 non
747 604 861 649 omnes
902 582 1033 654 eobani.
1059 587 1138 655 184.
1153 589 1216 656 An

126 685 184 754 tu,
211 675 338 761 inquii,
367 671 404 739 id
425 671 580 751 laboras,
608 670 640 736 si
662 670 740 737 hoio
761 670 860 737 inodo
873 605 983 737 druto
1006 670 1220 760 probaturus=

121 757 191 831 'esi
234 760 361 840 Plane,
381 760 535 846 inquam,
562 759 687 842 Attice,
708 757 969 847 disputationem
986 759 1070 827 hane
1086 760 1127 827 de
1140 784 1218 830 ona-

127 858 204 919 iono
223 845 399 939 probando
416 854 476 911 aut
497 845 715 934 improbando
731 847 837 912 multo
852 848 964 914 malim
980 848 1044 914 tibi
1057 858 1092 915 et
1104 849 1218 917 Bruto

126 934 283 1095 piapen-Q
307 933 533 1023 eloquentiam
557 939 670 999 autem
689 956 795 1000 meam
809 935 934 1024 populo
948 935 1086 1022 probari
1101 940 1218 1006 velim.

160 1027 262 1094 tenim
282 1044 419 1090 neeesse
440 1028 511 1101 est,
540 1020 598 1108 qui
619 1021 668 1087 ita
691 1015 802 1102 dieat,
823 1030 862 1088 ut
875 1045 894 1088 a
908 1023 1218 1112 multitudinepro·
1284 1078 1289 1087 .

126 1108 247 1194 betur,
269 1110 409 1178 eundem
427 1107 535 1185 doctis
550 1108 701 1198 probari.
744 1131 839 1191 nam,
861 1109 943 1196 quid
955 1110 991 1175 in
1006 1109 1146 1179 diceudo
1162 1135 1219 1180 re-

129 1209 223 1271 olum
244 1199 291 1265 sit
312 1206 371 1264 aut
389 1218 548 1288 pravum,
569 1217 630 1281 ego
642 1194 817 1275 iudicabo,
840 1196 983 1263 simodo
996 1198 1027 1265 is
1041 1222 1136 1282 sum,
1157 1201 1219 1289 qui

130 1287 169 1357 id
184 1287 313 1377 possim
337 1295 397 1351 aut
411 1284 514 1350 soiam
531 1281 700 1349 iudicare:
729 1285 841 1371 qualis
860 1285 1146 1368 veruntamen,
1175 1310 1220 1357 ex

130 1398 189 1457 eo,
210 1373 301 1464 quod
317 1372 349 1440 is
364 1370 503 1455 diceudo
519 1371 661 1453 efficiet,
679 1373 808 1458 poterit
827 1370 984 1459 intelligi.
1029 1376 1107 1444 185.
1130 1374 1220 1443 Tria

124 1470 212 1533 aunt
234 1462 341 1541 enim,
363 1467 406 1525 ut·
416 1456 549 1545 quidem
564 1480 625 1543 ego
640 1459 767 1539 sentio,
795 1481 880 1609 puae
895 1460 963 1525 sint
976 1461 1150 1528 efficienda
1166 1462 1220 1529 di-

127 1548 253 1631 eendo:
276 1556 315 1613 ut
329 1546 490 1613 dooeaiur
504 1545 554 1624 is,
577 1542 666 1631 apud
680 1567 778 1631 quem
818 1548 938 1625 inetur,
961 1555 1002 1613 ut
1016 1547 1219 1632 delectetur,

131 1641 360 1702 dimoveatur
374 1631 614 1715 vehementius.
649 1629 782 1715 Quibus
797 1633 981 1698 virtutibus
996 1638 1142 1701 oratoris
1158 1637 1221 1702 ho-'

129 1745 206 1790 rum
227 1720 374 1808 quidque
394 1717 578 1793 elfioiatur,
607 1724 666 1782 aut
685 1719 808 1805 quibus
828 1718 923 1784 vitiis
944 1728 1060 1788 oraton
1079 1730 1220 1791 autnon

133 1817 337 1895 assequatur
356 1806 458 1882 haee,
488 1812 547 1870 aut
565 1803 668 1871 etiam
682 1805 717 1869 in
731 1804 784 1870 his
797 1803 934 1872 labatur
948 1813 983 1873 et
996 1808 1112 1891 eadat,
1131 1806 1221 1878 ¹arti-

130 1897 188 1963 lex
208 1895 332 1980 uliquis
353 1891 529 1958 iudicabit.
572 1890 740 1957 ellioiatui·
761 1900 872 1959 autem
893 1894 935 1959 ah
950 1903 1085 1964 oratore
1102 1919 1220 1981 neone,

131 1989 173 2050 ut
186 1983 212 2049 ii
226 1983 285 2072 qui
298 1978 440 2047 audiunt
450 1979 498 2044 ita
515 1977 723 2058 alliciantur,
743 1988 783 2046 ut
798 1987 914 2047 orator
927 1983 1026 2065 velit,
1052 1985 1147 2071 vulgi
1163 2008 1221 2054 as-

131 2092 235 2141 sensu
261 2077 297 2135 et
350 2066 484 2156 opulani
515 2066 757 2154 approbatione
776 2067 922 2135 iudicari
949 2073 1048 2140 solet.
1097 2071 1221 2162 ltaque

131 2177 302 2245 nunquam
323 2091 364 2220 de
389 2154 475 2219 loono
497 2161 631 2220 oratore
647 2162 786 2221 autnon
803 2154 889 2221 hono
903 2155 1013 2224 dootis
1026 2161 1220 2229 hominibus

131 2268 209 2312 oum
223 2244 348 2333 populo
361 2240 529 2307 dissensio
542 2241 621 2309 luit.
662 2241 705 2311 L.
735 2247 812 2312 186.
834 2245 894 2310 An
909 2266 1045 2329 censes,
1067 2246 1146 2314 dum
1163 2249 1219 2317 illi

132 2335 340 2419 viguerunt,
360 2350 445 2418 quos
468 2333 545 2393 ante
567 2326 655 2408 dixi,
675 2351 741 2395 non
756 2328 889 2397 eosdem
903 2331 1029 2417 gradus
1043 2345 1219 2403 oratorum
1328 2394 1333 2401 .

125 2414 228 2505 ¹vulgi
242 2417 366 2483 iudioio
383 2425 418 2483 et
432 2409 755 2485 doctorumluisse?
799 2416 853 2483 De
867 2420 992 2506 populo
1006 2422 1037 2486 si
1052 2445 1150 2510 quem
1167 2425 1220 2492 ita

135 2506 346 2592 rogavisses:
375 2503 464 2589 Quis
484 2507 539 2569 est
558 2503 594 2569 iu
606 2503 669 2568 liae
684 2504 1155 2592 eivitatefleloquentissimusl
1182 2513 1220 2580 in

134 2594 288 2665 Antonio
309 2597 344 2658 at
364 2589 492 2664 Crasso
513 2598 572 2658 aut
592 2590 794 2676 dubitaret,
813 2599 874 2661 aui
886 2593 972 2661 huno
990 2596 1098 2676 alius,
1119 2601 1218 2668 illum
1314 2638 1320 2650 .

129 2800 133 2807 .
202 2768 472 2839 181111111111,
501 2769 539 2835 si]
566 2770 612 2824 Sia
636 2769 782 2825 Manutius.
822 2770 854 2824 id
868 2770 1014 2826 laborasse
1030 2773 1098 2828 huie
1121 2777 1173 2829 Gn.
1191 2788 1220 2832 et

167 2835 210 2894 ed.
228 2857 268 2906 pr.
302 2842 421 2892 Fallitur
438 2849 528 2894 autem
541 2844 699 2909 Ellendtus,
716 2845 743 2893 si
756 2845 849 2893 dicens
864 2843 1018 2907 significare
1032 2861 1102 2897 uum
1114 2851 1160 2898 vol
1175 2853 1219 2901 ut.

167 2912 251 2962 Immo
268 2910 376 2961 Atticus
396 2911 477 2961 dicit:
500 2924 535 2961 eu
555 2920 584 2963 tu
597 2911 624 2963 id
636 2926 735 2974 ouras,
759 2912 829 2965 alios
843 2919 869 2962 te
883 2914 1042 2976 probaturos
1054 2930 1116 2966 esse
1134 2919 1220 2986 (sive,

166 2994 231 3033 num
249 2980 371 3030 solicitus
388 2992 419 3029 es
436 2981 470 3029 de
487 2981 601 3031 aliorum
617 2987 766 3051 assensu),
790 2982 909 3033 simodo
926 2985 1009 3035 Bruto
1026 2986 1220 3040 satisfacturus

167 3042 222 3100 esi
255 3049 298 3100 cf.
315 3049 437 3113 Madvig.
454 3051 604 3100 Emendate.
623 3051 646 3101 1.
662 3067 689 3116 p.
704 3049 747 3102 54.

200 3115 262 3168 185.
296 3130 364 3181 quae
382 3119 450 3177 sint]
475 3119 543 3168 ltem
558 3121 600 3168 ed.
617 3133 658 3184 pr.
693 3133 766 3188 quae
781 3120 851 3172 suut
868 3119 919 3170 (iu.
942 3119 977 3170 D.

202 3187 331 3250 quidque]
355 3187 507 3253 quicquam
524 3189 566 3237 ed.
583 3202 624 3252 pr.

200 3255 223 3305 ii
239 3257 285 3319 qui
301 3257 425 3317 audiunt]
450 3256 481 3307 lu
498 3257 563 3307 nihil
582 3259 656 3308 aliud
674 3255 728 3306 nisi
740 3256 891 3308 auditores
904 3264 956 3306 est.
990 3256 1020 3307 11
1032 3253 1083 3325 qui
1094 3259 1220 3318 audienti

167 3327 210 3378 ed.
228 3334 270 3386 pr.
304 3325 354 3389 qui
369 3326 492 3377 audiant
509 3327 669 3392 Ernestius,
691 3325 862 3391 improbante¹
877 3326 984 3391 ¹ztimpt.
1003 3329 1050 3389 Gn.
1066 3345 1093 3394 p.
1107 3330 1171 3385 471.

58 3405 62 3410 ·
200 3390 232 3444 G.
245 3392 288 3446 5st
303 3394 364 3446 186.
399 3397 469 3447 hunc
486 3394 572 3458 alius]
595 3396 700 3448 Fumat
717 3397 760 3446 ed.
777 3409 820 3459 pr.
854 3394 931 3447 ltuuc
946 3395 1052 3463 aliquis
1080 3400 1131 3451 Gu.
1156 3403 1192 3454 1).

185 3558 246 3612 181.
280 3562 314 3611 de
331 3570 440 3612 oratore
456 3563 655 3625 propendeant
696 3567 812 3629 orator,
831 3565 866 3616 ut
879 3564 999 3633 doceat,
1017 3568 1150 3635 mosot,
1168 3567 1221 3620 de-

132 3627 259 3691 intprob]
277 3631 309 3680 ld
323 3631 452 3698 intellige,
470 3645 535 3683 vom
549 3632 654 3685 Wertlt
695 3634 792 3685 leoiet.
816 3633 888 3684 Vide
909 3644 998 3685 annot.
1020 3636 1049 3686 in
1067 3650 1092 3687 o.
1106 3641 1156 3702 21,
1173 3640 1220 3691 82.

132 3700 360 3818 wggnwmh
375 3700 453 3751 eines
467 3703 643 3820 munerun
696 3705 797 3754 Eodem
807 3704 930 3768 respexit
946 3718 971 3754 o.
985 3703 1028 3755 53.

185 3771 200 3819 1
238 3783 245 3816 a
279 3769 343 3819 Tria
365 3772 439 3829 suut]
469 3772 598 3821 linotet.
643 3803 653 3836 ,
699 3807 702 3811 .

132 3835 180 3893 77.
196 3836 240 3888 Et
250 3839 384 3901 quoniam
398 3841 486 3903 [quod
500 3851 584 3902 saepe
593 3839 653 3890 iam
747 3798 777 3869 ⁰⁸
791 3804 835 3857 ⁵⁰·
847 3805 909 3857 ¹⁸⁶·
943 3804 1013 3866 Μ]
1031 3798 1061 3855 ⁰·
1074 3800 1120 3857 η’
1133 3811 1162 3855 οι
1173 3801 1220 3857 4⁹.

133 3903 213 3964 dini)
231 3907 324 3958 tribuo
339 3907 423 3957 rebus
438 3921 534 3958 omnes
547 3909 586 3958 ud
600 3921 653 3959 no·-
697 3952 703 3961 ,
747 3907 855 3957 eosdem
873 3907 990 3972 vadus]
1014 3905 1145 3956 Oratores
1163 3913 1220 3961 tan

57 4006 66 4013 -
131 3974 230 4025 strom
253 3978 430 4028 seutentiam
456 3978 653 4046 perducimus,
695 3978 915 4040 apopuloquam
928 3974 1219 4036 adootispsriouslu.

74 4057 77 4061 ’
130 4044 325 4108 uutdoceudo,
336 4046 585 4110 uuiconciliondo,
598 4050 652 4099 aut
695 4046 775 4097 diciis
787 4046 859 4096 iuter
873 4058 904 4095 se
915 4040 1161 4104 distinguebantur:
1185 4053 1218 4097 ut

128 4116 334 4175 permovendo.
368 4117 479 4176 Quintil.
497 4116 556 4179 111,
574 4116 607 4180 5,
625 4120 651 4166 ².
694 4115 816 4179 utrisque
830 4115 900 4164 idem
915 4123 1052 4176 summus,
1069 4109 1139 4162 idem
1153 4114 1218 4168 infl-

129 4178 202 4235 rria
214 4186 303 4252 suat,
317 4196 391 4252 osee
399 4186 558 4252 praestare
569 4185 652 4239 dodoi
694 4197 772 4248 mus,
788 4183 859 4235 tuan
869 4182 974 4237 mediiis
989 4181 1142 4234 haberetur.
1158 4232 1162 4239 .
