<?xml version="1.0" encoding="UTF-8"?>
<!DOCTYPE html PUBLIC "-//W3C//DTD XHTML 1.0 Transitional//EN"
    "http://www.w3.org/TR/xhtml1/DTD/xhtml1-transitional.dtd">
<html xmlns="http://www.w3.org/1999/xhtml" xml:lang="en" lang="en">
 <head>
  <title>
</title>
<meta http-equiv="Content-Type" content="text/html;charset=utf-8" />
  <meta name='ocr-system' content='tesseract 3.04.00' />
  <meta name='ocr-capabilities' content='ocr_page ocr_carea ocr_par ocr_line ocrx_word'/>
</head>
<body>
  <div class='ocr_page' id='page_1' title='image "./mtulliiciceroni00meyegoog_0056.png"; bbox 0 0 2676 4748; ppageno 0'>
   <div class='ocr_carea' id='block_1_1' title="bbox 545 288 1159 382">
    <p class='ocr_par' dir='ltr' id='par_1_1' title="bbox 545 288 1159 382">
     <span class='ocr_line' id='line_1_1' title="bbox 545 288 1159 382; baseline 0.003 -21"><span class='ocrx_word' id='word_1_1' title='bbox 545 288 630 382; x_wconf 80' lang='lat' dir='ltr'><strong>Cap.</strong></span> <span class='ocrx_word' id='word_1_2' title='bbox 650 295 687 361; x_wconf 84' lang='grc'><strong>9.</strong></span> <span class='ocrx_word' id='word_1_3' title='bbox 724 296 730 359; x_wconf 81' lang='grc' dir='ltr'>ἶ</span> <span class='ocrx_word' id='word_1_4' title='bbox 1112 293 1159 363; x_wconf 72' lang='lat'><strong>31</strong></span> 
     </span>
    </p>
   </div>
   <div class='ocr_carea' id='block_1_2' title="bbox 48 468 1239 1358">
    <p class='ocr_par' dir='ltr' id='par_1_2' title="bbox 48 468 1239 1358">
     <span class='ocr_line' id='line_1_2' title="bbox 48 468 1239 566; baseline 0.001 -18"><span class='ocrx_word' id='word_1_5' title='bbox 48 559 51 562; x_wconf 0' lang='lat' dir='ltr'><strong>p</strong></span> <span class='ocrx_word' id='word_1_6' title='bbox 68 485 166 548; x_wconf 78' lang='lat' dir='ltr'><strong>aetas</strong></span> <span class='ocrx_word' id='word_1_7' title='bbox 179 468 310 546; x_wconf 73' lang='lat' dir='ltr'><strong>effodit</strong></span> <span class='ocrx_word' id='word_1_8' title='bbox 327 476 415 546; x_wconf 84' lang='lat' dir='ltr'><strong>hanc</strong></span> <span class='ocrx_word' id='word_1_9' title='bbox 429 475 578 566; x_wconf 67' lang='lat' dir='ltr'><strong>sopiant</strong></span> <span class='ocrx_word' id='word_1_10' title='bbox 606 484 642 544; x_wconf 90' lang='lat' dir='ltr'><strong>et</strong></span> <span class='ocrx_word' id='word_1_11' title='bbox 654 482 695 543; x_wconf 90' lang='lat' dir='ltr'><strong>ut</strong></span> <span class='ocrx_word' id='word_1_12' title='bbox 709 475 822 564; x_wconf 83' lang='lat' dir='ltr'><strong>opinio</strong></span> <span class='ocrx_word' id='word_1_13' title='bbox 838 484 911 546; x_wconf 86' lang='lat' dir='ltr'><strong>mea</strong></span> <span class='ocrx_word' id='word_1_14' title='bbox 927 478 1012 560; x_wconf 82' lang='lat' dir='ltr'><strong>lert,</strong></span> <span class='ocrx_word' id='word_1_15' title='bbox 1030 480 1158 549; x_wconf 81' lang='lat' dir='ltr'><strong>saccas</strong></span> <span class='ocrx_word' id='word_1_16' title='bbox 1181 493 1185 500; x_wconf 88' lang='lat'><em>&#39;</em></span> <span class='ocrx_word' id='word_1_17' title='bbox 1236 492 1239 499; x_wconf 84' lang='grc'><em>“</em></span> 
     </span>
     <span class='ocr_line' id='line_1_3' title="bbox 67 565 1159 655; baseline -0.001 -18"><span class='ocrx_word' id='word_1_18' title='bbox 67 571 133 637; x_wconf 77' lang='lat' dir='ltr'><strong>ille</strong></span> <span class='ocrx_word' id='word_1_19' title='bbox 153 574 190 635; x_wconf 85' lang='lat' dir='ltr'><strong>et</strong></span> <span class='ocrx_word' id='word_1_20' title='bbox 206 567 345 654; x_wconf 82' lang='lat' dir='ltr'><strong>sanguis</strong></span> <span class='ocrx_word' id='word_1_21' title='bbox 364 567 582 655; x_wconf 91' lang='lat' dir='ltr'><strong>incorruptus</strong></span> <span class='ocrx_word' id='word_1_22' title='bbox 602 586 710 653; x_wconf 87' lang='lat' dir='ltr'><strong>usqae</strong></span> <span class='ocrx_word' id='word_1_23' title='bbox 729 565 772 631; x_wconf 90' lang='lat' dir='ltr'><strong>ad</strong></span> <span class='ocrx_word' id='word_1_24' title='bbox 785 567 869 633; x_wconf 81' lang='lat' dir='ltr'><strong>hatte</strong></span> <span class='ocrx_word' id='word_1_25' title='bbox 883 573 1034 633; x_wconf 82' lang='lat' dir='ltr'><strong>aetatem</strong></span> <span class='ocrx_word' id='word_1_26' title='bbox 1043 577 1159 636; x_wconf 78' lang='lat' dir='ltr'><strong>orato·</strong></span> 
     </span>
     <span class='ocr_line' id='line_1_4' title="bbox 66 653 1159 741; baseline 0.005 -18"><span class='ocrx_word' id='word_1_27' title='bbox 66 678 145 724; x_wconf 84' lang='lat' dir='ltr'><strong>rum</strong></span> <span class='ocrx_word' id='word_1_28' title='bbox 168 657 253 735; x_wconf 82' lang='lat' dir='ltr'><strong>fuit,</strong></span> <span class='ocrx_word' id='word_1_29' title='bbox 288 656 325 720; x_wconf 91' lang='lat' dir='ltr'><strong>in</strong></span> <span class='ocrx_word' id='word_1_30' title='bbox 347 676 414 741; x_wconf 87' lang='lat' dir='ltr'><strong>qua</strong></span> <span class='ocrx_word' id='word_1_31' title='bbox 435 654 601 720; x_wconf 87' lang='lat' dir='ltr'><strong>naturalis</strong></span> <span class='ocrx_word' id='word_1_32' title='bbox 624 653 770 734; x_wconf 88' lang='lat' dir='ltr'><strong>inesset,</strong></span> <span class='ocrx_word' id='word_1_33' title='bbox 807 677 873 721; x_wconf 90' lang='lat' dir='ltr'><strong>non</strong></span> <span class='ocrx_word' id='word_1_34' title='bbox 894 657 1031 722; x_wconf 84' lang='lat' dir='ltr'><strong>fucatus</strong></span> <span class='ocrx_word' id='word_1_35' title='bbox 1052 657 1159 728; x_wconf 70' lang='lat' dir='ltr'><strong>uitcrt</strong></span> 
     </span>
     <span class='ocr_line' id='line_1_5' title="bbox 66 741 1159 825; baseline -0.003 -11"><span class='ocrx_word' id='word_1_36' title='bbox 66 749 128 814; x_wconf 79' lang='lat'>37..</span> <span class='ocrx_word' id='word_1_37' title='bbox 147 742 333 821; x_wconf 78' lang='lat' dir='ltr'><strong>Phalereus</strong></span> <span class='ocrx_word' id='word_1_38' title='bbox 346 743 433 808; x_wconf 82' lang='lat' dir='ltr'><strong>eninr</strong></span> <span class='ocrx_word' id='word_1_39' title='bbox 447 742 613 807; x_wconf 88' lang='lat' dir='ltr'><strong>successit</strong></span> <span class='ocrx_word' id='word_1_40' title='bbox 626 741 676 807; x_wconf 87' lang='lat' dir='ltr'><strong>eis</strong></span> <span class='ocrx_word' id='word_1_41' title='bbox 693 742 828 808; x_wconf 88' lang='lat' dir='ltr'><strong>senibus</strong></span> <span class='ocrx_word' id='word_1_42' title='bbox 844 742 1058 825; x_wconf 75' lang='lat' dir='ltr'>adolescens,</span> <span class='ocrx_word' id='word_1_43' title='bbox 1079 766 1159 811; x_wconf 83' lang='lat' dir='ltr'><strong>cru·</strong></span> 
     </span>
     <span class='ocr_line' id='line_1_6' title="bbox 67 829 1157 917; baseline -0.001 -18"><span class='ocrx_word' id='word_1_44' title='bbox 67 831 261 899; x_wconf 88' lang='lat' dir='ltr'><strong>ditissimus</strong></span> <span class='ocrx_word' id='word_1_45' title='bbox 276 832 336 897; x_wconf 91' lang='lat' dir='ltr'><strong>ille</strong></span> <span class='ocrx_word' id='word_1_46' title='bbox 350 829 485 917; x_wconf 89' lang='lat' dir='ltr'><strong>quidem</strong></span> <span class='ocrx_word' id='word_1_47' title='bbox 500 830 617 895; x_wconf 85' lang='lat' dir='ltr'><strong>horum</strong></span> <span class='ocrx_word' id='word_1_48' title='bbox 630 831 789 907; x_wconf 89' lang='lat' dir='ltr'><strong>omnium,</strong></span> <span class='ocrx_word' id='word_1_49' title='bbox 810 829 948 897; x_wconf 88' lang='lat' dir='ltr'><strong>sednon</strong></span> <span class='ocrx_word' id='word_1_50' title='bbox 964 839 1034 897; x_wconf 84' lang='lat' dir='ltr'><strong>tam</strong></span> <span class='ocrx_word' id='word_1_51' title='bbox 1050 834 1157 899; x_wconf 87' lang='lat' dir='ltr'><strong>armis</strong></span> 
     </span>
     <span class='ocr_line' id='line_1_7' title="bbox 66 914 1159 1005; baseline 0.002 -20"><span class='ocrx_word' id='word_1_52' title='bbox 66 920 248 985; x_wconf 87' lang='lat' dir='ltr'><strong>institutus</strong></span> <span class='ocrx_word' id='word_1_53' title='bbox 262 914 362 1005; x_wconf 85' lang='lat' dir='ltr'><strong>quam</strong></span> <span class='ocrx_word' id='word_1_54' title='bbox 378 918 561 1005; x_wconf 85' lang='lat' dir='ltr'><strong>palaestra.</strong></span> <span class='ocrx_word' id='word_1_55' title='bbox 597 917 713 1003; x_wconf 89' lang='lat' dir='ltr'><strong>itaque</strong></span> <span class='ocrx_word' id='word_1_56' title='bbox 727 915 916 984; x_wconf 86' lang='lat' dir='ltr'><strong>delectabat</strong></span> <span class='ocrx_word' id='word_1_57' title='bbox 930 920 1036 1005; x_wconf 81' lang='lat' dir='ltr'><strong>magis</strong></span> <span class='ocrx_word' id='word_1_58' title='bbox 1043 921 1159 987; x_wconf 81' lang='lat' dir='ltr'><strong>Athe-</strong></span> 
     </span>
     <span class='ocr_line' id='line_1_8' title="bbox 66 1005 1158 1095; baseline 0 -20"><span class='ocrx_word' id='word_1_59' title='bbox 66 1008 204 1075; x_wconf 79' lang='lat' dir='ltr'><strong>aienses</strong></span> <span class='ocrx_word' id='word_1_60' title='bbox 217 1023 320 1095; x_wconf 88' lang='lat' dir='ltr'><strong>quam</strong></span> <span class='ocrx_word' id='word_1_61' title='bbox 334 1005 573 1093; x_wconf 70' lang='lat' dir='ltr'><strong>inflammabat</strong></span> <span class='ocrx_word' id='word_1_62' title='bbox 616 1015 832 1091; x_wconf 82' lang='lat' dir='ltr'><strong>processerat</strong></span> <span class='ocrx_word' id='word_1_63' title='bbox 847 1007 981 1072; x_wconf 88' lang='lat' dir='ltr'><strong>enimin</strong></span> <span class='ocrx_word' id='word_1_64' title='bbox 997 1008 1102 1074; x_wconf 89' lang='lat' dir='ltr'><strong>solem</strong></span> <span class='ocrx_word' id='word_1_65' title='bbox 1120 1015 1158 1075; x_wconf 86' lang='lat' dir='ltr'><strong>et</strong></span> 
     </span>
     <span class='ocr_line' id='line_1_9' title="bbox 65 1090 1158 1184; baseline 0.003 -24"><span class='ocrx_word' id='word_1_66' title='bbox 65 1095 261 1184; x_wconf 83' lang='lat' dir='ltr'><strong>pulverem,</strong></span> <span class='ocrx_word' id='word_1_67' title='bbox 283 1115 349 1159; x_wconf 87' lang='lat' dir='ltr'><strong>non</strong></span> <span class='ocrx_word' id='word_1_68' title='bbox 365 1100 405 1158; x_wconf 88' lang='lat' dir='ltr'><strong>ut</strong></span> <span class='ocrx_word' id='word_1_69' title='bbox 421 1114 440 1156; x_wconf 88' lang='lat' dir='ltr'><strong>c</strong></span> <span class='ocrx_word' id='word_1_70' title='bbox 456 1091 597 1158; x_wconf 87' lang='lat' dir='ltr'><strong>militari</strong></span> <span class='ocrx_word' id='word_1_71' title='bbox 609 1090 845 1174; x_wconf 87' lang='lat' dir='ltr'><strong>tabernaculo,</strong></span> <span class='ocrx_word' id='word_1_72' title='bbox 874 1094 934 1159; x_wconf 91' lang='lat' dir='ltr'><strong>sed</strong></span> <span class='ocrx_word' id='word_1_73' title='bbox 950 1101 1021 1161; x_wconf 87' lang='lat' dir='ltr'><strong>ute</strong></span> <span class='ocrx_word' id='word_1_74' title='bbox 1041 1094 1158 1163; x_wconf 83' lang='lat' dir='ltr'><strong>Theo-</strong></span> 
     </span>
     <span class='ocr_line' id='line_1_10' title="bbox 65 1180 1159 1272; baseline 0.005 -26"><span class='ocrx_word' id='word_1_75' title='bbox 65 1182 203 1272; x_wconf 84' lang='lat' dir='ltr'><strong>phrasti</strong></span> <span class='ocrx_word' id='word_1_76' title='bbox 224 1180 414 1247; x_wconf 80' lang='lat' dir='ltr'><strong>doctissimi</strong></span> <span class='ocrx_word' id='word_1_77' title='bbox 434 1180 576 1246; x_wconf 89' lang='lat' dir='ltr'><strong>hominis</strong></span> <span class='ocrx_word' id='word_1_78' title='bbox 595 1181 814 1247; x_wconf 80' lang='lat' dir='ltr'><strong>umbraculis.</strong></span> <span class='ocrx_word' id='word_1_79' title='bbox 856 1185 913 1251; x_wconf 87' lang='grc'><strong>38.</strong></span> <span class='ocrx_word' id='word_1_80' title='bbox 940 1180 1008 1249; x_wconf 90' lang='lat' dir='ltr'><strong>Hic</strong></span> <span class='ocrx_word' id='word_1_81' title='bbox 1023 1184 1159 1270; x_wconf 83' lang='lat' dir='ltr'><strong>primus</strong></span> 
     </span>
     <span class='ocr_line' id='line_1_11' title="bbox 64 1268 1159 1358; baseline 0.002 -21"><span class='ocrx_word' id='word_1_82' title='bbox 64 1271 201 1337; x_wconf 86' lang='lat' dir='ltr'><strong>inflexit</strong></span> <span class='ocrx_word' id='word_1_83' title='bbox 216 1268 400 1336; x_wconf 85' lang='lat' dir='ltr'><strong>orationem</strong></span> <span class='ocrx_word' id='word_1_84' title='bbox 414 1275 450 1335; x_wconf 87' lang='lat' dir='ltr'><strong>et</strong></span> <span class='ocrx_word' id='word_1_85' title='bbox 463 1290 535 1334; x_wconf 90' lang='lat' dir='ltr'><strong>eam</strong></span> <span class='ocrx_word' id='word_1_86' title='bbox 552 1268 686 1335; x_wconf 91' lang='lat' dir='ltr'><strong>mollem</strong></span> <span class='ocrx_word' id='word_1_87' title='bbox 700 1275 918 1358; x_wconf 87' lang='lat' dir='ltr'><strong>teneramque</strong></span> <span class='ocrx_word' id='word_1_88' title='bbox 930 1269 1101 1354; x_wconf 86' lang='lat' dir='ltr'><strong>reddidit,</strong></span> <span class='ocrx_word' id='word_1_89' title='bbox 1120 1276 1159 1339; x_wconf 83' lang='lat' dir='ltr'><strong>ct</strong></span> 
     </span>
    </p>
   </div>
   <div class='ocr_carea' id='block_1_3' title="bbox 49 1443 1159 2142">
    <p class='ocr_par' dir='ltr' id='par_1_3' title="bbox 137 1443 1158 1511">
     <span class='ocr_line' id='line_1_12' title="bbox 137 1443 1158 1511; baseline 0.004 -14"><span class='ocrx_word' id='word_1_90' title='bbox 137 1447 184 1500; x_wconf 74' lang='grc'><strong>37.</strong></span> <span class='ocrx_word' id='word_1_91' title='bbox 224 1445 377 1509; x_wconf 84' lang='lat' dir='ltr'><strong>palaestra]</strong></span> <span class='ocrx_word' id='word_1_92' title='bbox 403 1443 447 1494; x_wconf 80' lang='lat' dir='ltr'><strong>Sic</strong></span> <span class='ocrx_word' id='word_1_93' title='bbox 469 1445 511 1495; x_wconf 85' lang='lat' dir='ltr'><strong>ed.</strong></span> <span class='ocrx_word' id='word_1_94' title='bbox 528 1459 569 1508; x_wconf 66' lang='lat' dir='ltr'><strong>pr·</strong></span> <span class='ocrx_word' id='word_1_95' title='bbox 585 1445 752 1511; x_wconf 74' lang='lat' dir='ltr'><strong>palaestrae</strong></span> <span class='ocrx_word' id='word_1_96' title='bbox 772 1445 935 1497; x_wconf 80' lang='lat' dir='ltr'><strong>Lambinust</strong></span> <span class='ocrx_word' id='word_1_97' title='bbox 958 1447 1039 1511; x_wconf 85' lang='lat' dir='ltr'><strong>quasi</strong></span> <span class='ocrx_word' id='word_1_98' title='bbox 1059 1447 1158 1501; x_wconf 75' lang='lat' dir='ltr'><strong>Cicero</strong></span> 
     </span>
    </p>

    <p class='ocr_par' dir='ltr' id='par_1_4' title="bbox 71 1515 1158 1650">
     <span class='ocr_line' id='line_1_13' title="bbox 71 1515 1158 1584; baseline 0.004 -17"><span class='ocrx_word' id='word_1_99' title='bbox 71 1523 77 1531; x_wconf 88' lang='lat'>&#39;</span> <span class='ocrx_word' id='word_1_100' title='bbox 103 1517 293 1579; x_wconf 76' lang='lat' dir='ltr'><strong>contenderet,</strong></span> <span class='ocrx_word' id='word_1_101' title='bbox 316 1515 478 1566; x_wconf 87' lang='lat' dir='ltr'><strong>Phalereum</strong></span> <span class='ocrx_word' id='word_1_102' title='bbox 495 1523 617 1566; x_wconf 78' lang='lat' dir='ltr'><strong>arontam</strong></span> <span class='ocrx_word' id='word_1_103' title='bbox 631 1517 706 1564; x_wconf 86' lang='lat' dir='ltr'><strong>veris</strong></span> <span class='ocrx_word' id='word_1_104' title='bbox 722 1517 815 1584; x_wconf 71' lang='lat' dir='ltr'><strong>causis</strong></span> <span class='ocrx_word' id='word_1_105' title='bbox 829 1525 909 1579; x_wconf 88' lang='lat' dir='ltr'><strong>atque</strong></span> <span class='ocrx_word' id='word_1_106' title='bbox 923 1517 982 1567; x_wconf 84' lang='lat' dir='ltr'><strong>foro</strong></span> <span class='ocrx_word' id='word_1_107' title='bbox 997 1531 1079 1583; x_wconf 90' lang='lat' dir='ltr'><strong>quam</strong></span> <span class='ocrx_word' id='word_1_108' title='bbox 1092 1521 1158 1572; x_wconf 88' lang='lat' dir='ltr'><strong>ludo</strong></span> 
     </span>
     <span class='ocr_line' id='line_1_14' title="bbox 72 1584 1157 1650; baseline 0.002 -12"><span class='ocrx_word' id='word_1_109' title='bbox 72 1602 79 1613; x_wconf 88' lang='lat'><em>·</em></span> <span class='ocrx_word' id='word_1_110' title='bbox 103 1594 196 1650; x_wconf 87' lang='lat' dir='ltr'><strong>aptum</strong></span> <span class='ocrx_word' id='word_1_111' title='bbox 210 1586 306 1635; x_wconf 82' lang='lat' dir='ltr'><strong>luisse.</strong></span> <span class='ocrx_word' id='word_1_112' title='bbox 340 1585 443 1634; x_wconf 86' lang='lat' dir='ltr'><strong>Verum</strong></span> <span class='ocrx_word' id='word_1_113' title='bbox 454 1593 536 1646; x_wconf 76' lang='lat' dir='ltr'><strong>negat</strong></span> <span class='ocrx_word' id='word_1_114' title='bbox 551 1584 599 1634; x_wconf 89' lang='lat' dir='ltr'><strong>ille</strong></span> <span class='ocrx_word' id='word_1_115' title='bbox 611 1586 686 1634; x_wconf 87' lang='lat' dir='ltr'><strong>veris</strong></span> <span class='ocrx_word' id='word_1_116' title='bbox 699 1587 791 1635; x_wconf 86' lang='lat' dir='ltr'><strong>causis</strong></span> <span class='ocrx_word' id='word_1_117' title='bbox 807 1595 887 1647; x_wconf 90' lang='lat' dir='ltr'><strong>atque</strong></span> <span class='ocrx_word' id='word_1_118' title='bbox 901 1586 1098 1638; x_wconf 87' lang='lat' dir='ltr'><strong>exercitatione</strong></span> <span class='ocrx_word' id='word_1_119' title='bbox 1111 1588 1157 1640; x_wconf 63' lang='lat' dir='ltr'><strong>iba</strong></span> 
     </span>
    </p>

    <p class='ocr_par' dir='ltr' id='par_1_5' title="bbox 49 1650 1159 1930">
     <span class='ocr_line' id='line_1_15' title="bbox 49 1650 1159 1719; baseline 0.002 -12"><span class='ocrx_word' id='word_1_120' title='bbox 49 1694 52 1699; x_wconf 87' lang='lat'><em>.</em></span> <span class='ocrx_word' id='word_1_121' title='bbox 102 1654 179 1708; x_wconf 86' lang='lat' dir='ltr'><strong>r&#39;ensi</strong></span> <span class='ocrx_word' id='word_1_122' title='bbox 192 1650 343 1704; x_wconf 89' lang='lat' dir='ltr'><strong>institutum</strong></span> <span class='ocrx_word' id='word_1_123' title='bbox 357 1666 417 1704; x_wconf 89' lang='lat' dir='ltr'><strong>eum</strong></span> <span class='ocrx_word' id='word_1_124' title='bbox 430 1662 564 1703; x_wconf 89' lang='lat' dir='ltr'><strong>oratorem</strong></span> <span class='ocrx_word' id='word_1_125' title='bbox 576 1655 711 1719; x_wconf 84' lang='lat' dir='ltr'><strong>erasisse,</strong></span> <span class='ocrx_word' id='word_1_126' title='bbox 728 1657 777 1703; x_wconf 83' lang='lat' dir='ltr'><strong>scd</strong></span> <span class='ocrx_word' id='word_1_127' title='bbox 790 1653 820 1705; x_wconf 90' lang='lat' dir='ltr'><strong>in</strong></span> <span class='ocrx_word' id='word_1_128' title='bbox 831 1656 1042 1708; x_wconf 80' lang='lat' dir='ltr'><strong>ludotersatbm</strong></span> <span class='ocrx_word' id='word_1_129' title='bbox 1055 1664 1084 1708; x_wconf 90' lang='lat' dir='ltr'><strong>et</strong></span> <span class='ocrx_word' id='word_1_130' title='bbox 1095 1672 1159 1709; x_wconf 84' lang='lat' dir='ltr'><strong>uns-</strong></span> 
     </span>
     <span class='ocr_line' id='line_1_16' title="bbox 102 1723 1158 1797; baseline 0.006 -22"><span class='ocrx_word' id='word_1_131' title='bbox 102 1725 225 1775; x_wconf 89' lang='lat' dir='ltr'><strong>braculis</strong></span> <span class='ocrx_word' id='word_1_132' title='bbox 245 1726 388 1773; x_wconf 89' lang='lat' dir='ltr'><strong>rhetorum.</strong></span> <span class='ocrx_word' id='word_1_133' title='bbox 430 1723 577 1784; x_wconf 77' lang='lat' dir='ltr'><strong>[Exiguum</strong></span> <span class='ocrx_word' id='word_1_134' title='bbox 597 1736 663 1773; x_wconf 89' lang='lat' dir='ltr'><strong>sane</strong></span> <span class='ocrx_word' id='word_1_135' title='bbox 685 1723 844 1791; x_wconf 84' lang='lat' dir='ltr'><strong>discrimen,</strong></span> <span class='ocrx_word' id='word_1_136' title='bbox 874 1725 943 1787; x_wconf 88' lang='lat' dir='ltr'><strong>quod</strong></span> <span class='ocrx_word' id='word_1_137' title='bbox 965 1725 1158 1797; x_wconf 84' lang='lat' dir='ltr'><strong>inutramque</strong></span> 
     </span>
     <span class='ocr_line' id='line_1_17' title="bbox 102 1792 1158 1863; baseline 0.006 -20"><span class='ocrx_word' id='word_1_138' title='bbox 102 1802 209 1861; x_wconf 86' lang='lat' dir='ltr'><strong>partem</strong></span> <span class='ocrx_word' id='word_1_139' title='bbox 221 1793 289 1842; x_wconf 90' lang='lat' dir='ltr'><strong>locis</strong></span> <span class='ocrx_word' id='word_1_140' title='bbox 303 1793 360 1841; x_wconf 89' lang='lat' dir='ltr'><strong>suis</strong></span> <span class='ocrx_word' id='word_1_141' title='bbox 374 1793 461 1854; x_wconf 89' lang='lat' dir='ltr'><strong>possit</strong></span> <span class='ocrx_word' id='word_1_142' title='bbox 474 1792 636 1843; x_wconf 86' lang='lat' dir='ltr'><strong>confirmari.</strong></span> <span class='ocrx_word' id='word_1_143' title='bbox 650 1856 653 1861; x_wconf 25' lang='grc' dir='ltr'>Ι</span> <span class='ocrx_word' id='word_1_144' title='bbox 670 1793 727 1843; x_wconf 81' lang='lat' dir='ltr'><strong>Cic.</strong></span> <span class='ocrx_word' id='word_1_145' title='bbox 742 1793 789 1842; x_wconf 89' lang='lat' dir='ltr'><strong>0r.</strong></span> <span class='ocrx_word' id='word_1_146' title='bbox 802 1793 829 1851; x_wconf 86' lang='lat' dir='ltr'><strong>l,</strong></span> <span class='ocrx_word' id='word_1_147' title='bbox 849 1795 891 1844; x_wconf 87' lang='grc'><strong>18.</strong></span> <span class='ocrx_word' id='word_1_148' title='bbox 914 1793 1053 1847; x_wconf 75' lang='lat' dir='ltr'><strong>Naaman</strong></span> <span class='ocrx_word' id='word_1_149' title='bbox 1064 1792 1158 1863; x_wconf 76' lang='lat' dir='ltr'><strong>qaod-¹</strong></span> 
     </span>
     <span class='ocr_line' id='line_1_18' title="bbox 102 1858 1158 1930; baseline 0.004 -15"><span class='ocrx_word' id='word_1_150' title='bbox 102 1866 171 1916; x_wconf 82' lang='lat' dir='ltr'><strong>dam</strong></span> <span class='ocrx_word' id='word_1_151' title='bbox 189 1869 279 1930; x_wconf 76' lang='lat' dir='ltr'><strong>penas</strong></span> <span class='ocrx_word' id='word_1_152' title='bbox 293 1858 507 1912; x_wconf 86' lang='lat' dir='ltr'><strong>est&#39;cerboram</strong></span> <span class='ocrx_word' id='word_1_153' title='bbox 519 1863 549 1912; x_wconf 90' lang='lat' dir='ltr'><strong>et</strong></span> <span class='ocrx_word' id='word_1_154' title='bbox 562 1863 686 1930; x_wconf 83' lang='lat' dir='ltr'><strong>tactam,</strong></span> <span class='ocrx_word' id='word_1_155' title='bbox 700 1862 761 1916; x_wconf 77' lang='lat' dir='ltr'><strong>‚scd</strong></span> <span class='ocrx_word' id='word_1_156' title='bbox 772 1864 938 1926; x_wconf 73' lang='lat' dir='ltr'><strong>palaestrae</strong></span> <span class='ocrx_word' id='word_1_157' title='bbox 949 1867 1043 1930; x_wconf 77' lang='lat' dir='ltr'><strong>asapia</strong></span> <span class='ocrx_word' id='word_1_158' title='bbox 1058 1869 1090 1918; x_wconf 89' lang='lat' dir='ltr'><strong>et</strong></span> <span class='ocrx_word' id='word_1_159' title='bbox 1100 1868 1158 1919; x_wconf 85' lang='lat' dir='ltr'><strong>olei</strong></span> 
     </span>
    </p>

    <p class='ocr_par' dir='ltr' id='par_1_6' title="bbox 72 1931 1159 2142">
     <span class='ocr_line' id='line_1_19' title="bbox 72 1931 1158 2000; baseline 0.003 -16"><span class='ocrx_word' id='word_1_160' title='bbox 72 1942 75 1949; x_wconf 92' lang='grc'><strong><em>·</em></strong></span> <span class='ocrx_word' id='word_1_161' title='bbox 104 1948 190 2000; x_wconf 84' lang='lat' dir='ltr'><strong>qaam</strong></span> <span class='ocrx_word' id='word_1_162' title='bbox 204 1932 290 1982; x_wconf 80' lang='lat' dir='ltr'><strong>baias</strong></span> <span class='ocrx_word' id='word_1_163' title='bbox 304 1931 397 1981; x_wconf 71' lang='lat' dir='ltr'><strong>moitis</strong></span> <span class='ocrx_word' id='word_1_164' title='bbox 412 1931 560 1982; x_wconf 87' lang='lat' dir='ltr'><strong>tnrbaeac</strong></span> <span class='ocrx_word' id='word_1_165' title='bbox 573 1931 643 2000; x_wconf 77' lang='lat' dir='ltr'><strong>fori.</strong></span> <span class='ocrx_word' id='word_1_166' title='bbox 678 1932 814 1982; x_wconf 89' lang='lat' dir='ltr'><strong>Disertins</strong></span> <span class='ocrx_word' id='word_1_167' title='bbox 829 1932 911 1982; x_wconf 85' lang='lat' dir='ltr'><strong>etiam</strong></span> <span class='ocrx_word' id='word_1_168' title='bbox 926 1933 1001 1984; x_wconf 84' lang='lat' dir='ltr'><strong>Orat.</strong></span> <span class='ocrx_word' id='word_1_169' title='bbox 1015 1932 1061 1986; x_wconf 78' lang='lat'><strong>13.</strong></span> <span class='ocrx_word' id='word_1_170' title='bbox 1085 1949 1158 1988; x_wconf 80' lang='lat' dir='ltr'><strong>ora-</strong></span> 
     </span>
     <span class='ocr_line' id='line_1_20' title="bbox 103 2000 1159 2070; baseline 0.005 -17"><span class='ocrx_word' id='word_1_171' title='bbox 103 2003 192 2054; x_wconf 80' lang='lat' dir='ltr'><strong>tioas‘s</strong></span> <span class='ocrx_word' id='word_1_172' title='bbox 204 2015 294 2068; x_wconf 75' lang='lat' dir='ltr'><strong>pensas</strong></span> <span class='ocrx_word' id='word_1_173' title='bbox 307 2026 339 2039; x_wconf 89' lang='lat'><strong>-·</strong></span> <span class='ocrx_word' id='word_1_174' title='bbox 349 2014 470 2065; x_wconf 78' lang='lat' dir='ltr'><strong>pompae</strong></span> <span class='ocrx_word' id='word_1_175' title='bbox 485 2014 571 2067; x_wconf 81' lang='lat' dir='ltr'><strong>quam</strong></span> <span class='ocrx_word' id='word_1_176' title='bbox 579 2000 695 2068; x_wconf 77' lang='lat' dir='ltr'><strong>papnae</strong></span> <span class='ocrx_word' id='word_1_177' title='bbox 708 2000 821 2064; x_wconf 79' lang='lat' dir='ltr'><strong>aptius,</strong></span> <span class='ocrx_word' id='word_1_178' title='bbox 844 2002 1000 2066; x_wconf 72' lang='lat' dir='ltr'><strong>pymnass&#39;r&#39;s</strong></span> <span class='ocrx_word' id='word_1_179' title='bbox 1014 2007 1046 2054; x_wconf 78' lang='lat' dir='ltr'><strong>et</strong></span> <span class='ocrx_word' id='word_1_180' title='bbox 1054 2006 1159 2070; x_wconf 84' lang='lat' dir='ltr'><strong>patae·</strong></span> 
     </span>
     <span class='ocr_line' id='line_1_21' title="bbox 75 2071 1158 2142; baseline 0.002 -18"><span class='ocrx_word' id='word_1_181' title='bbox 75 2076 186 2131; x_wconf 68' lang='lat' dir='ltr'><strong>retrac</strong></span> <span class='ocrx_word' id='word_1_182' title='bbox 206 2073 351 2129; x_wconf 69' lang='lat' dir='ltr'><strong>dicatmm</strong></span> <span class='ocrx_word' id='word_1_183' title='bbox 379 2071 557 2133; x_wconf 81' lang='lat' dir='ltr'><strong>similiterque</strong></span> <span class='ocrx_word' id='word_1_184' title='bbox 577 2074 610 2120; x_wconf 88' lang='lat' dir='ltr'><strong>dc</strong></span> <span class='ocrx_word' id='word_1_185' title='bbox 632 2071 763 2120; x_wconf 86' lang='lat' dir='ltr'><strong>isocratis</strong></span> <span class='ocrx_word' id='word_1_186' title='bbox 785 2071 929 2134; x_wconf 81' lang='lat' dir='ltr'><strong>discipulis</strong></span> <span class='ocrx_word' id='word_1_187' title='bbox 952 2073 998 2122; x_wconf 88' lang='lat' dir='ltr'><strong>0r.</strong></span> <span class='ocrx_word' id='word_1_188' title='bbox 1013 2073 1060 2142; x_wconf 90' lang='lat'><strong>11,</strong></span> <span class='ocrx_word' id='word_1_189' title='bbox 1077 2078 1121 2131; x_wconf 79' lang='lat'><strong>22.</strong></span> <span class='ocrx_word' id='word_1_190' title='bbox 1133 2077 1158 2127; x_wconf 79' lang='lat' dir='ltr'><strong>i.</strong></span> 
     </span>
    </p>
   </div>
   <div class='ocr_carea' id='block_1_4' title="bbox 98 2139 1244 2211">
    <p class='ocr_par' dir='ltr' id='par_1_7' title="bbox 98 2139 1244 2211">
     <span class='ocr_line' id='line_1_22' title="bbox 98 2139 1244 2211; baseline 0.003 -19"><span class='ocrx_word' id='word_1_191' title='bbox 98 2142 215 2208; x_wconf 77' lang='lat' dir='ltr'><strong>partim</strong></span> <span class='ocrx_word' id='word_1_192' title='bbox 233 2142 265 2191; x_wconf 83' lang='lat' dir='ltr'><strong>in</strong></span> <span class='ocrx_word' id='word_1_193' title='bbox 279 2153 402 2205; x_wconf 86' lang='lat' dir='ltr'><strong>pcrnpa,</strong></span> <span class='ocrx_word' id='word_1_194' title='bbox 422 2141 535 2203; x_wconf 78' lang='lat' dir='ltr'><strong>partim</strong></span> <span class='ocrx_word' id='word_1_195' title='bbox 546 2140 577 2189; x_wconf 80' lang='lat' dir='ltr'><strong>tn</strong></span> <span class='ocrx_word' id='word_1_196' title='bbox 591 2140 653 2190; x_wconf 80' lang='lat' dir='ltr'><strong>acte</strong></span> <span class='ocrx_word' id='word_1_197' title='bbox 666 2139 797 2190; x_wconf 74' lang='lat' dir='ltr'><strong>illustres</strong></span> <span class='ocrx_word' id='word_1_198' title='bbox 811 2152 872 2190; x_wconf 85' lang='lat' dir='ltr'><strong>esse</strong></span> <span class='ocrx_word' id='word_1_199' title='bbox 885 2141 1061 2211; x_wconf 82' lang='lat' dir='ltr'><strong>voluerant,</strong></span> <span class='ocrx_word' id='word_1_200' title='bbox 1092 2144 1158 2195; x_wconf 81' lang='lat' dir='ltr'><strong>coll.</strong></span> <span class='ocrx_word' id='word_1_201' title='bbox 1239 2197 1244 2208; x_wconf 62' lang='grc'><strong>,</strong></span> 
     </span>
    </p>
   </div>
   <div class='ocr_carea' id='block_1_5' title="bbox 72 2209 1203 3104">
    <p class='ocr_par' dir='ltr' id='par_1_8' title="bbox 65 2209 1203 3104">
     <span class='ocr_line' id='line_1_23' title="bbox 73 2209 1159 2279; baseline -0.001 -22"><span class='ocrx_word' id='word_1_202' title='bbox 73 2252 77 2257; x_wconf 94' lang='grc'><strong>.</strong></span> <span class='ocrx_word' id='word_1_203' title='bbox 102 2212 156 2277; x_wconf 87' lang='lat'><strong>111,</strong></span> <span class='ocrx_word' id='word_1_204' title='bbox 175 2211 218 2259; x_wconf 84' lang='lat'><strong>52.</strong></span> <span class='ocrx_word' id='word_1_205' title='bbox 237 2211 287 2277; x_wconf 83' lang='lat' dir='ltr'><strong>qai</strong></span> <span class='ocrx_word' id='word_1_206' title='bbox 299 2211 427 2265; x_wconf 80' lang='lat' dir='ltr'><strong>utantur</strong></span> <span class='ocrx_word' id='word_1_207' title='bbox 441 2210 533 2279; x_wconf 70' lang='lat' dir='ltr'><strong>armis</strong></span> <span class='ocrx_word' id='word_1_208' title='bbox 544 2212 596 2260; x_wconf 82' lang='lat' dir='ltr'><strong>aot</strong></span> <span class='ocrx_word' id='word_1_209' title='bbox 607 2211 766 2272; x_wconf 84' lang='lat' dir='ltr'><strong>palaestra.</strong></span> <span class='ocrx_word' id='word_1_210' title='bbox 800 2209 858 2260; x_wconf 88' lang='lat' dir='ltr'><strong>lam</strong></span> <span class='ocrx_word' id='word_1_211' title='bbox 871 2223 932 2259; x_wconf 84' lang='lat' dir='ltr'><strong>cunr</strong></span> <span class='ocrx_word' id='word_1_212' title='bbox 945 2210 1080 2273; x_wconf 81' lang='lat' dir='ltr'><strong>figuratus</strong></span> <span class='ocrx_word' id='word_1_213' title='bbox 1094 2227 1159 2265; x_wconf 77' lang='lat' dir='ltr'><strong>ser..</strong></span> 
     </span>
     <span class='ocr_line' id='line_1_24' title="bbox 101 2278 1157 2342; baseline 0.003 -11"><span class='ocrx_word' id='word_1_214' title='bbox 101 2293 146 2331; x_wconf 93' lang='lat' dir='ltr'><strong>mo</strong></span> <span class='ocrx_word' id='word_1_215' title='bbox 159 2278 270 2329; x_wconf 86' lang='lat' dir='ltr'><strong>civilem</strong></span> <span class='ocrx_word' id='word_1_216' title='bbox 286 2279 472 2342; x_wconf 78' lang='lat' dir='ltr'><strong>publicamque</strong></span> <span class='ocrx_word' id='word_1_217' title='bbox 484 2279 614 2329; x_wconf 83' lang='lat' dir='ltr'><strong>rationem</strong></span> <span class='ocrx_word' id='word_1_218' title='bbox 629 2279 725 2342; x_wconf 80' lang='lat' dir='ltr'><strong>agendi</strong></span> <span class='ocrx_word' id='word_1_219' title='bbox 738 2291 799 2328; x_wconf 87' lang='lat' dir='ltr'><strong>cam</strong></span> <span class='ocrx_word' id='word_1_220' title='bbox 813 2279 896 2329; x_wconf 89' lang='lat' dir='ltr'><strong>armis</strong></span> <span class='ocrx_word' id='word_1_221' title='bbox 908 2288 936 2329; x_wconf 89' lang='lat' dir='ltr'><strong>et</strong></span> <span class='ocrx_word' id='word_1_222' title='bbox 948 2282 1009 2331; x_wconf 85' lang='lat' dir='ltr'><strong>acie</strong></span> <span class='ocrx_word' id='word_1_223' title='bbox 1026 2282 1157 2342; x_wconf 77' lang='lat' dir='ltr'><strong>(Quintil.</strong></span> 
     </span>
     <span class='ocr_line' id='line_1_25' title="bbox 102 2347 1157 2415; baseline 0.002 -11.932"><span class='ocrx_word' id='word_1_224' title='bbox 102 2350 148 2415; x_wconf 75' lang='lat' dir='ltr'><strong>X,</strong></span> <span class='ocrx_word' id='word_1_225' title='bbox 166 2350 199 2411; x_wconf 80' lang='lat'><strong>1,</strong></span> <span class='ocrx_word' id='word_1_226' title='bbox 216 2351 260 2399; x_wconf 71' lang='grc'><strong>29.</strong></span> <span class='ocrx_word' id='word_1_227' title='bbox 283 2360 336 2397; x_wconf 87' lang='lat' dir='ltr'><strong>nos</strong></span> <span class='ocrx_word' id='word_1_228' title='bbox 358 2358 431 2398; x_wconf 85' lang='lat' dir='ltr'><strong>cero</strong></span> <span class='ocrx_word' id='word_1_229' title='bbox 450 2351 579 2398; x_wconf 78' lang='lat' dir='ltr'><strong>arctatos</strong></span> <span class='ocrx_word' id='word_1_230' title='bbox 598 2347 725 2398; x_wconf 81' lang='lat' dir='ltr'><strong>starcia</strong></span> <span class='ocrx_word' id='word_1_231' title='bbox 739 2347 818 2413; x_wconf 84' lang='lat' dir='ltr'><strong>acie,</strong></span> <span class='ocrx_word' id='word_1_232' title='bbox 841 2351 871 2399; x_wconf 86' lang='lat' dir='ltr'><strong>et</strong></span> <span class='ocrx_word' id='word_1_233' title='bbox 887 2349 1157 2405; x_wconf 68' lang='lat' dir='ltr'><strong>enumerantes</strong></span> 
     </span>
     <span class='ocr_line' id='line_1_26' title="bbox 72 2415 1203 2484; baseline -0.005 -11"><span class='ocrx_word' id='word_1_234' title='bbox 72 2464 89 2475; x_wconf 83' lang='lat'>.</span> <span class='ocrx_word' id='word_1_235' title='bbox 101 2421 278 2484; x_wconf 80' lang='lat' dir='ltr'><strong>decernere,</strong></span> <span class='ocrx_word' id='word_1_236' title='bbox 296 2418 326 2467; x_wconf 87' lang='lat' dir='ltr'><strong>et</strong></span> <span class='ocrx_word' id='word_1_237' title='bbox 339 2418 377 2466; x_wconf 80' lang='lat' dir='ltr'><strong>ad</strong></span> <span class='ocrx_word' id='word_1_238' title='bbox 389 2417 543 2469; x_wconf 82' lang='lat' dir='ltr'><strong>ototoriam</strong></span> <span class='ocrx_word' id='word_1_239' title='bbox 557 2415 623 2481; x_wconf 81' lang='lat' dir='ltr'><strong>niti,</strong></span> <span class='ocrx_word' id='word_1_240' title='bbox 640 2418 703 2465; x_wconf 91' lang='lat' dir='ltr'><strong>coli.</strong></span> <span class='ocrx_word' id='word_1_241' title='bbox 713 2416 778 2481; x_wconf 79' lang='lat' dir='ltr'><strong>xli,</strong></span> <span class='ocrx_word' id='word_1_242' title='bbox 794 2419 822 2465; x_wconf 73' lang='grc'><strong>9.</strong></span> <span class='ocrx_word' id='word_1_243' title='bbox 838 2418 860 2466; x_wconf 88' lang='lat' dir='ltr'><strong>i.</strong></span> <span class='ocrx_word' id='word_1_244' title='bbox 874 2419 1158 2481; x_wconf 78' lang='lat' dir='ltr'><strong>audehipsusacum.</strong></span> <span class='ocrx_word' id='word_1_245' title='bbox 1197 2456 1203 2467; x_wconf 72' lang='grc'><strong>,</strong></span> 
     </span>
     <span class='ocr_line' id='line_1_27' title="bbox 73 2485 1157 2556; baseline 0.004 -22"><span class='ocrx_word' id='word_1_246' title='bbox 73 2542 81 2556; x_wconf 30' lang='grc' dir='ltr'>ι</span> <span class='ocrx_word' id='word_1_247' title='bbox 103 2490 150 2551; x_wconf 83' lang='lat'><strong>11,</strong></span> <span class='ocrx_word' id='word_1_248' title='bbox 168 2488 242 2553; x_wconf 58' lang='lat'><strong>12),</strong></span> <span class='ocrx_word' id='word_1_249' title='bbox 264 2487 455 2536; x_wconf 76' lang='lat' dir='ltr'><strong>scholasticam</strong></span> <span class='ocrx_word' id='word_1_250' title='bbox 475 2495 503 2535; x_wconf 92' lang='lat' dir='ltr'><strong>et</strong></span> <span class='ocrx_word' id='word_1_251' title='bbox 522 2485 600 2548; x_wconf 84' lang='lat' dir='ltr'><strong>quasi</strong></span> <span class='ocrx_word' id='word_1_252' title='bbox 613 2486 746 2535; x_wconf 83' lang='lat' dir='ltr'><strong>ludicram</strong></span> <span class='ocrx_word' id='word_1_253' title='bbox 759 2486 979 2536; x_wconf 77' lang='lat' dir='ltr'><strong>exercitationem</strong></span> <span class='ocrx_word' id='word_1_254' title='bbox 994 2499 1059 2538; x_wconf 89' lang='lat' dir='ltr'><strong>cum</strong></span> <span class='ocrx_word' id='word_1_255' title='bbox 1070 2503 1157 2553; x_wconf 77' lang='lat' dir='ltr'><strong>pras-</strong></span> 
     </span>
     <span class='ocr_line' id='line_1_28' title="bbox 102 2553 1158 2621; baseline 0 -14"><span class='ocrx_word' id='word_1_256' title='bbox 102 2556 253 2611; x_wconf 81' lang='lat' dir='ltr'><strong>lusionibus</strong></span> <span class='ocrx_word' id='word_1_257' title='bbox 269 2555 451 2618; x_wconf 82' lang='lat' dir='ltr'><strong>gladiatorum</strong></span> <span class='ocrx_word' id='word_1_258' title='bbox 463 2567 497 2607; x_wconf 87' lang='lat' dir='ltr'><strong>ac</strong></span> <span class='ocrx_word' id='word_1_259' title='bbox 509 2554 729 2618; x_wconf 70' lang='lat' dir='ltr'><strong>palaestricorum</strong></span> <span class='ocrx_word' id='word_1_260' title='bbox 750 2553 841 2612; x_wconf 77' lang='lat' dir='ltr'><strong>(Orat.</strong></span> <span class='ocrx_word' id='word_1_261' title='bbox 854 2554 897 2603; x_wconf 82' lang='grc'><strong>56.</strong></span> <span class='ocrx_word' id='word_1_262' title='bbox 915 2555 998 2619; x_wconf 81' lang='lat' dir='ltr'><strong>quast</strong></span> <span class='ocrx_word' id='word_1_263' title='bbox 1010 2559 1158 2621; x_wconf 75' lang='lat' dir='ltr'><strong>quanam</strong></span> 
     </span>
     <span class='ocr_line' id='line_1_29' title="bbox 73 2622 1158 2692; baseline 0.004 -16"><span class='ocrx_word' id='word_1_264' title='bbox 73 2636 93 2685; x_wconf 84' lang='grc'><strong>,·</strong></span> <span class='ocrx_word' id='word_1_265' title='bbox 99 2626 282 2692; x_wconf 83' lang='lat' dir='ltr'><strong>palaestram</strong></span> <span class='ocrx_word' id='word_1_266' title='bbox 302 2626 332 2674; x_wconf 91' lang='lat' dir='ltr'><strong>ct</strong></span> <span class='ocrx_word' id='word_1_267' title='bbox 353 2623 489 2675; x_wconf 67' lang='lat' dir='ltr'><strong>extrema</strong></span> <span class='ocrx_word' id='word_1_268' title='bbox 508 2624 684 2675; x_wconf 77' lang='lat' dir='ltr'><strong>lineamenta</strong></span> <span class='ocrx_word' id='word_1_269' title='bbox 695 2622 824 2673; x_wconf 68' lang='lat' dir='ltr'><strong>orationi</strong></span> <span class='ocrx_word' id='word_1_270' title='bbox 838 2623 954 2687; x_wconf 78' lang='lat' dir='ltr'><strong>attratt)</strong></span> <span class='ocrx_word' id='word_1_271' title='bbox 976 2627 1066 2677; x_wconf 84' lang='lat' dir='ltr'><strong>soleat</strong></span> <span class='ocrx_word' id='word_1_272' title='bbox 1080 2636 1158 2679; x_wconf 84' lang='lat' dir='ltr'><strong>com-</strong></span> 
     </span>
     <span class='ocr_line' id='line_1_30' title="bbox 75 2691 1158 2759; baseline 0.003 -12"><span class='ocrx_word' id='word_1_273' title='bbox 75 2750 80 2759; x_wconf 59' lang='lat'><strong>,</strong></span> <span class='ocrx_word' id='word_1_274' title='bbox 99 2706 217 2759; x_wconf 82' lang='lat' dir='ltr'><strong>pararet</strong></span> <span class='ocrx_word' id='word_1_275' title='bbox 242 2694 407 2744; x_wconf 83' lang='lat' dir='ltr'><strong>Demetrium</strong></span> <span class='ocrx_word' id='word_1_276' title='bbox 428 2693 559 2755; x_wconf 85' lang='lat' dir='ltr'><strong>hominem</strong></span> <span class='ocrx_word' id='word_1_277' title='bbox 576 2705 595 2744; x_wconf 89' lang='lat' dir='ltr'><strong>a</strong></span> <span class='ocrx_word' id='word_1_278' title='bbox 610 2692 695 2743; x_wconf 88' lang='lat' dir='ltr'><strong>turbis</strong></span> <span class='ocrx_word' id='word_1_279' title='bbox 708 2691 827 2742; x_wconf 81' lang='lat' dir='ltr'><strong>lorensis</strong></span> <span class='ocrx_word' id='word_1_280' title='bbox 839 2693 1007 2755; x_wconf 88' lang='lat' dir='ltr'><strong>eloquentiae</strong></span> <span class='ocrx_word' id='word_1_281' title='bbox 1021 2705 1158 2750; x_wconf 84' lang='lat' dir='ltr'><strong>remotum</strong></span> 
     </span>
     <span class='ocr_line' id='line_1_31' title="bbox 100 2760 1160 2827; baseline 0.004 -12"><span class='ocrx_word' id='word_1_282' title='bbox 100 2764 200 2816; x_wconf 80' lang='lat' dir='ltr'><strong>cicero</strong></span> <span class='ocrx_word' id='word_1_283' title='bbox 219 2763 285 2813; x_wconf 89' lang='lat' dir='ltr'><strong>dicit</strong></span> <span class='ocrx_word' id='word_1_284' title='bbox 305 2761 429 2812; x_wconf 85' lang='lat' dir='ltr'><strong>haesisse</strong></span> <span class='ocrx_word' id='word_1_285' title='bbox 448 2765 476 2813; x_wconf 89' lang='lat' dir='ltr'><strong>in</strong></span> <span class='ocrx_word' id='word_1_286' title='bbox 495 2764 650 2827; x_wconf 85' lang='lat' dir='ltr'><strong>palaestra,</strong></span> <span class='ocrx_word' id='word_1_287' title='bbox 674 2760 803 2827; x_wconf 83' lang='lat' dir='ltr'><strong>viresque</strong></span> <span class='ocrx_word' id='word_1_288' title='bbox 816 2761 965 2823; x_wconf 87' lang='lat' dir='ltr'><strong>sumpsisse</strong></span> <span class='ocrx_word' id='word_1_289' title='bbox 979 2762 1160 2819; x_wconf 71' lang='lat' dir='ltr'><strong>ostentationi</strong></span> 
     </span>
     <span class='ocr_line' id='line_1_32' title="bbox 75 2829 1160 2901; baseline 0.002 -15"><span class='ocrx_word' id='word_1_290' title='bbox 75 2848 79 2855; x_wconf 92' lang='grc'><strong><em>·</em></strong></span> <span class='ocrx_word' id='word_1_291' title='bbox 98 2845 181 2898; x_wconf 80' lang='lat' dir='ltr'><strong>quam</strong></span> <span class='ocrx_word' id='word_1_292' title='bbox 193 2833 269 2882; x_wconf 82' lang='lat' dir='ltr'><strong>veris</strong></span> <span class='ocrx_word' id='word_1_293' title='bbox 283 2829 412 2891; x_wconf 85' lang='lat' dir='ltr'><strong>periculis</strong></span> <span class='ocrx_word' id='word_1_294' title='bbox 425 2832 554 2896; x_wconf 88' lang='lat' dir='ltr'><strong>aptiores.</strong></span> <span class='ocrx_word' id='word_1_295' title='bbox 592 2831 751 2884; x_wconf 77' lang='lat' dir='ltr'><strong>institutas</strong></span> <span class='ocrx_word' id='word_1_296' title='bbox 767 2829 850 2894; x_wconf 79' lang='lat' dir='ltr'><strong>igitur</strong></span> <span class='ocrx_word' id='word_1_297' title='bbox 863 2831 935 2883; x_wconf 87' lang='lat' dir='ltr'><strong>idem</strong></span> <span class='ocrx_word' id='word_1_298' title='bbox 946 2833 1006 2886; x_wconf 84' lang='lat' dir='ltr'><strong>iere</strong></span> <span class='ocrx_word' id='word_1_299' title='bbox 1020 2836 1094 2901; x_wconf 84' lang='lat' dir='ltr'><strong>quod</strong></span> <span class='ocrx_word' id='word_1_300' title='bbox 1106 2848 1160 2888; x_wconf 88' lang='lat' dir='ltr'><strong>ex-</strong></span> 
     </span>
     <span class='ocr_line' id='line_1_33' title="bbox 75 2901 442 2967; baseline -0.014 -13"><span class='ocrx_word' id='word_1_301' title='bbox 75 2922 81 2931; x_wconf 88' lang='lat'><strong>·</strong></span> <span class='ocrx_word' id='word_1_302' title='bbox 98 2905 233 2954; x_wconf 82' lang='lat' dir='ltr'><strong>cultus‘et</strong></span> <span class='ocrx_word' id='word_1_303' title='bbox 245 2901 420 2964; x_wconf 76' lang='lat' dir='ltr'><strong>perpolitus]</strong></span> <span class='ocrx_word' id='word_1_304' title='bbox 440 2960 442 2967; x_wconf 33' lang='grc' dir='ltr'>Ι</span> 
     </span>
     <span class='ocr_line' id='line_1_34' title="bbox 133 2966 1161 3037; baseline 0.001 -13"><span class='ocrx_word' id='word_1_305' title='bbox 133 2971 313 3037; x_wconf 77' lang='lat' dir='ltr'><strong>umbraculis]</strong></span> <span class='ocrx_word' id='word_1_306' title='bbox 340 2969 495 3021; x_wconf 84' lang='lat' dir='ltr'><strong>Macrobius</strong></span> <span class='ocrx_word' id='word_1_307' title='bbox 516 2972 572 3021; x_wconf 86' lang='lat' dir='ltr'><strong>Sat.</strong></span> <span class='ocrx_word' id='word_1_308' title='bbox 586 2971 628 3020; x_wconf 89' lang='lat' dir='ltr'><strong>vl</strong></span> <span class='ocrx_word' id='word_1_309' title='bbox 635 3005 644 3029; x_wconf 90' lang='lat'><strong>,</strong></span> <span class='ocrx_word' id='word_1_310' title='bbox 662 2966 688 3020; x_wconf 82' lang='lat' dir='ltr'><strong>t.</strong></span> <span class='ocrx_word' id='word_1_311' title='bbox 715 2967 816 3021; x_wconf 80' lang='lat' dir='ltr'><strong>Cicero</strong></span> <span class='ocrx_word' id='word_1_312' title='bbox 835 2967 972 3022; x_wconf 78' lang='lat' dir='ltr'><strong>similiter</strong></span> <span class='ocrx_word' id='word_1_313' title='bbox 992 2969 1026 3023; x_wconf 81' lang='lat' dir='ltr'><strong>in</strong></span> <span class='ocrx_word' id='word_1_314' title='bbox 1045 2971 1161 3028; x_wconf 71' lang='lat' dir='ltr'><strong>Brettot</strong></span> 
     </span>
     <span class='ocr_line' id='line_1_35' title="bbox 74 3037 1093 3104; baseline -0.001 -10"><span class='ocrx_word' id='word_1_315' title='bbox 74 3042 245 3094; x_wconf 64' lang='lat' dir='ltr'><strong>aetates</strong></span> <span class='ocrx_word' id='word_1_316' title='bbox 258 3037 450 3104; x_wconf 66' lang='lat' dir='ltr'><strong>Theophrasti</strong></span> <span class='ocrx_word' id='word_1_317' title='bbox 462 3039 620 3090; x_wconf 80' lang='lat' dir='ltr'><strong>doctissimi</strong></span> <span class='ocrx_word' id='word_1_318' title='bbox 633 3038 756 3089; x_wconf 80' lang='lat' dir='ltr'><strong>bominis</strong></span> <span class='ocrx_word' id='word_1_319' title='bbox 767 3039 951 3093; x_wconf 75' lang='lat' dir='ltr'><strong>aratracatis.</strong></span> <span class='ocrx_word' id='word_1_320' title='bbox 1091 3041 1093 3045; x_wconf 78' lang='grc'>’</span> 
     </span>
    </p>
   </div>
   <div class='ocr_carea' id='block_1_6' title="bbox 54 3180 1161 4229">
    <p class='ocr_par' dir='ltr' id='par_1_9' title="bbox 54 3180 1161 4229">
     <span class='ocr_line' id='line_1_36' title="bbox 76 3180 1161 3265; baseline 0.006 -21"><span class='ocrx_word' id='word_1_321' title='bbox 76 3180 79 3187; x_wconf 88' lang='grc'><strong>“</strong></span> <span class='ocrx_word' id='word_1_322' title='bbox 116 3196 249 3259; x_wconf 77' lang='lat' dir='ltr'><strong>[inqua]</strong></span> <span class='ocrx_word' id='word_1_323' title='bbox 279 3195 311 3246; x_wconf 85' lang='lat' dir='ltr'><strong>ra</strong></span> <span class='ocrx_word' id='word_1_324' title='bbox 330 3195 407 3247; x_wconf 79' lang='lat' dir='ltr'><strong>nuria</strong></span> <span class='ocrx_word' id='word_1_325' title='bbox 425 3193 589 3247; x_wconf 67' lang='lat' dir='ltr'><strong>cribratione</strong></span> <span class='ocrx_word' id='word_1_326' title='bbox 629 3193 787 3263; x_wconf 72' lang='lat' dir='ltr'><strong>tepescere.</strong></span> <span class='ocrx_word' id='word_1_327' title='bbox 822 3190 1161 3265; x_wconf 72' lang='lat' dir='ltr'><strong>[ouoacteerchmcns-</strong></span> 
     </span>
     <span class='ocr_line' id='line_1_37' title="bbox 64 3265 1160 3332; baseline 0.005 -18"><span class='ocrx_word' id='word_1_328' title='bbox 64 3265 193 3317; x_wconf 82' lang='lat' dir='ltr'><strong>refertur.</strong></span> <span class='ocrx_word' id='word_1_329' title='bbox 215 3266 252 3315; x_wconf 81' lang='lat' dir='ltr'><strong>ati</strong></span> <span class='ocrx_word' id='word_1_330' title='bbox 275 3267 402 3316; x_wconf 84' lang='lat' dir='ltr'><strong>aetatem</strong></span> <span class='ocrx_word' id='word_1_331' title='bbox 424 3269 589 3332; x_wconf 78' lang='lat' dir='ltr'><strong>oratorum,</strong></span> <span class='ocrx_word' id='word_1_332' title='bbox 630 3266 755 3317; x_wconf 89' lang='lat' dir='ltr'><strong>metrium</strong></span> <span class='ocrx_word' id='word_1_333' title='bbox 772 3265 1016 3326; x_wconf 84' lang='lat' dir='ltr'><strong>praestantissimis</strong></span> <span class='ocrx_word' id='word_1_334' title='bbox 1034 3269 1160 3320; x_wconf 57' lang='lat' dir='ltr'><strong>‘oratori-</strong></span> 
     </span>
     <span class='ocr_line' id='line_1_38' title="bbox 63 3331 1161 3402; baseline 0.003 -17"><span class='ocrx_word' id='word_1_335' title='bbox 63 3334 82 3385; x_wconf 89' lang='lat' dir='ltr'><strong>i.</strong></span> <span class='ocrx_word' id='word_1_336' title='bbox 94 3346 120 3384; x_wconf 64' lang='lat' dir='ltr'><strong>ea</strong></span> <span class='ocrx_word' id='word_1_337' title='bbox 137 3332 296 3386; x_wconf 87' lang='lat' dir='ltr'><strong>societatem</strong></span> <span class='ocrx_word' id='word_1_338' title='bbox 312 3334 474 3397; x_wconf 84' lang='lat' dir='ltr'><strong>temporibus</strong></span> <span class='ocrx_word' id='word_1_339' title='bbox 486 3348 589 3398; x_wconf 88' lang='lat' dir='ltr'><strong>aequa·</strong></span> <span class='ocrx_word' id='word_1_340' title='bbox 631 3335 683 3383; x_wconf 88' lang='lat' dir='ltr'><strong>bus</strong></span> <span class='ocrx_word' id='word_1_341' title='bbox 707 3331 863 3394; x_wconf 73' lang='lat' dir='ltr'><strong>frequenter</strong></span> <span class='ocrx_word' id='word_1_342' title='bbox 886 3332 1008 3398; x_wconf 82' lang='lat' dir='ltr'><strong>adiungit</strong></span> <span class='ocrx_word' id='word_1_343' title='bbox 1026 3343 1161 3402; x_wconf 83' lang='lat' dir='ltr'><strong>tauquam</strong></span> 
     </span>
     <span class='ocr_line' id='line_1_39' title="bbox 63 3400 1160 3471; baseline 0.005 -18"><span class='ocrx_word' id='word_1_344' title='bbox 63 3403 134 3453; x_wconf 81' lang='lat' dir='ltr'><strong>lein:</strong></span> <span class='ocrx_word' id='word_1_345' title='bbox 159 3402 187 3452; x_wconf 88' lang='lat' dir='ltr'><strong>in</strong></span> <span class='ocrx_word' id='word_1_346' title='bbox 201 3400 255 3465; x_wconf 79' lang='lat' dir='ltr'><strong>qua</strong></span> <span class='ocrx_word' id='word_1_347' title='bbox 266 3404 338 3452; x_wconf 90' lang='lat' dir='ltr'><strong>nitor</strong></span> <span class='ocrx_word' id='word_1_348' title='bbox 355 3413 462 3455; x_wconf 86' lang='lat' dir='ltr'><strong>extaret</strong></span> <span class='ocrx_word' id='word_1_349' title='bbox 476 3415 589 3457; x_wconf 82' lang='lat' dir='ltr'><strong>natura·</strong></span> <span class='ocrx_word' id='word_1_350' title='bbox 629 3403 809 3453; x_wconf 80' lang='lat' dir='ltr'><strong>nouissimam</strong></span> <span class='ocrx_word' id='word_1_351' title='bbox 824 3403 992 3471; x_wconf 82' lang='lat' dir='ltr'><strong>Atticorum,</strong></span> <span class='ocrx_word' id='word_1_352' title='bbox 1016 3404 1112 3458; x_wconf 67' lang='lat' dir='ltr'><strong>salierit</strong></span> <span class='ocrx_word' id='word_1_353' title='bbox 1127 3414 1160 3458; x_wconf 84' lang='lat' dir='ltr'><strong>ot</strong></span> 
     </span>
     <span class='ocr_line' id='line_1_40' title="bbox 63 3471 1161 3538; baseline 0.007 -17"><span class='ocrx_word' id='word_1_354' title='bbox 63 3473 115 3538; x_wconf 88' lang='lat' dir='ltr'><strong>lis,</strong></span> <span class='ocrx_word' id='word_1_355' title='bbox 134 3484 205 3534; x_wconf 85' lang='lat' dir='ltr'><strong>quae</strong></span> <span class='ocrx_word' id='word_1_356' title='bbox 224 3471 330 3534; x_wconf 85' lang='lat' dir='ltr'><strong>quidem</strong></span> <span class='ocrx_word' id='word_1_357' title='bbox 348 3471 455 3536; x_wconf 80' lang='lat' dir='ltr'><strong>pio&#39;prie</strong></span> <span class='ocrx_word' id='word_1_358' title='bbox 471 3488 523 3524; x_wconf 91' lang='lat' dir='ltr'><strong>nou</strong></span> <span class='ocrx_word' id='word_1_359' title='bbox 540 3483 589 3538; x_wconf 87' lang='lat' dir='ltr'><strong>po·</strong></span> <span class='ocrx_word' id='word_1_360' title='bbox 629 3473 677 3522; x_wconf 89' lang='lat' dir='ltr'><strong>ille</strong></span> <span class='ocrx_word' id='word_1_361' title='bbox 691 3480 720 3520; x_wconf 87' lang='lat' dir='ltr'><strong>et</strong></span> <span class='ocrx_word' id='word_1_362' title='bbox 731 3473 758 3521; x_wconf 95' lang='lat' dir='ltr'><strong>in</strong></span> <span class='ocrx_word' id='word_1_363' title='bbox 773 3473 939 3534; x_wconf 85' lang='lat' dir='ltr'><strong>eloquentiae</strong></span> <span class='ocrx_word' id='word_1_364' title='bbox 947 3473 1161 3529; x_wconf 75' lang='lat' dir='ltr'><strong>historialooun</strong></span> 
     </span>
     <span class='ocr_line' id='line_1_41' title="bbox 65 3540 1161 3606; baseline 0.007 -16"><span class='ocrx_word' id='word_1_365' title='bbox 65 3541 116 3591; x_wconf 81' lang='lat' dir='ltr'><strong>tuit</strong></span> <span class='ocrx_word' id='word_1_366' title='bbox 128 3542 190 3590; x_wconf 87' lang='lat' dir='ltr'><strong>iaus</strong></span> <span class='ocrx_word' id='word_1_367' title='bbox 201 3541 301 3591; x_wconf 85' lang='lat' dir='ltr'><strong>aetatis</strong></span> <span class='ocrx_word' id='word_1_368' title='bbox 314 3545 399 3601; x_wconf 76' lang='lat' dir='ltr'><strong>csse]</strong></span> <span class='ocrx_word' id='word_1_369' title='bbox 631 3541 767 3602; x_wconf 83' lang='lat' dir='ltr'><strong>acciperet</strong></span> <span class='ocrx_word' id='word_1_370' title='bbox 786 3540 864 3603; x_wconf 87' lang='lat' dir='ltr'><strong>qnasi</strong></span> <span class='ocrx_word' id='word_1_371' title='bbox 883 3542 1036 3606; x_wconf 80' lang='lat' dir='ltr'><strong>legitimum.</strong></span> <span class='ocrx_word' id='word_1_372' title='bbox 1054 3551 1085 3597; x_wconf 86' lang='lat' dir='ltr'><strong>ct</strong></span> <span class='ocrx_word' id='word_1_373' title='bbox 1095 3557 1161 3598; x_wconf 81' lang='lat' dir='ltr'><strong>cor·</strong></span> 
     </span>
     <span class='ocr_line' id='line_1_42' title="bbox 78 3603 1161 3674; baseline 0.005 -16"><span class='ocrx_word' id='word_1_374' title='bbox 78 3622 83 3631; x_wconf 93' lang='lat'><strong>·</strong></span> <span class='ocrx_word' id='word_1_375' title='bbox 116 3610 161 3660; x_wconf 75' lang='grc'><strong>37.</strong></span> <span class='ocrx_word' id='word_1_376' title='bbox 179 3611 342 3670; x_wconf 80' lang='lat' dir='ltr'><strong>Phalereus]</strong></span> <span class='ocrx_word' id='word_1_377' title='bbox 354 3607 589 3661; x_wconf 78' lang='lat' dir='ltr'><strong>Demetriusl’ha-</strong></span> <span class='ocrx_word' id='word_1_378' title='bbox 631 3610 957 3671; x_wconf 83' lang='lat' dir='ltr'><strong>ruptorortisbabcretur.</strong></span> <span class='ocrx_word' id='word_1_379' title='bbox 975 3603 1161 3674; x_wconf 71' lang='lat' dir='ltr'><strong>Velotouin-</strong></span> 
     </span>
     <span class='ocr_line' id='line_1_43' title="bbox 62 3676 1160 3748; baseline 0.006 -20"><span class='ocrx_word' id='word_1_380' title='bbox 62 3677 165 3729; x_wconf 74' lang='lat' dir='ltr'><strong>lenens·</strong></span> <span class='ocrx_word' id='word_1_381' title='bbox 199 3678 276 3730; x_wconf 81' lang='lat' dir='ltr'><strong>Orat.</strong></span> <span class='ocrx_word' id='word_1_382' title='bbox 306 3693 330 3729; x_wconf 90' lang='lat' dir='ltr'><strong>c.</strong></span> <span class='ocrx_word' id='word_1_383' title='bbox 353 3681 397 3732; x_wconf 84' lang='grc'><strong>27.</strong></span> <span class='ocrx_word' id='word_1_384' title='bbox 422 3682 501 3732; x_wconf 85' lang='lat' dir='ltr'><strong>ilaec</strong></span> <span class='ocrx_word' id='word_1_385' title='bbox 522 3676 590 3748; x_wconf 57' lang='lat' dir='ltr'><strong>{rcd</strong></span> <span class='ocrx_word' id='word_1_386' title='bbox 631 3679 789 3745; x_wconf 76' lang='lat' dir='ltr'><strong>tilianusx,</strong></span> <span class='ocrx_word' id='word_1_387' title='bbox 804 3679 884 3746; x_wconf 85' lang='lat' dir='ltr'><strong>1,8o.</strong></span> <span class='ocrx_word' id='word_1_388' title='bbox 902 3679 1160 3743; x_wconf 71' lang='lat' dir='ltr'><strong>Quinettameo·</strong></span> 
     </span>
     <span class='ocr_line' id='line_1_44' title="bbox 63 3748 1159 3818; baseline 0.002 -19"><span class='ocrx_word' id='word_1_389' title='bbox 63 3749 187 3815; x_wconf 74' lang='lat' dir='ltr'><strong>maeatat</strong></span> <span class='ocrx_word' id='word_1_390' title='bbox 195 3749 354 3800; x_wconf 74' lang='lat' dir='ltr'><strong>Phalereus</strong></span> <span class='ocrx_word' id='word_1_391' title='bbox 367 3751 501 3801; x_wconf 71' lang='lat' dir='ltr'><strong>maime-</strong></span> <span class='ocrx_word' id='word_1_392' title='bbox 629 3750 710 3800; x_wconf 88' lang='lat' dir='ltr'><strong>lerca</strong></span> <span class='ocrx_word' id='word_1_393' title='bbox 730 3748 812 3798; x_wconf 71' lang='lat' dir='ltr'><strong>idam</strong></span> <span class='ocrx_word' id='word_1_394' title='bbox 830 3749 1030 3818; x_wconf 82' lang='lat' dir='ltr'><strong>Demetrium,</strong></span> <span class='ocrx_word' id='word_1_395' title='bbox 1055 3763 1159 3818; x_wconf 83' lang='lat' dir='ltr'><strong>quam-</strong></span> 
     </span>
     <span class='ocr_line' id='line_1_45' title="bbox 111 3813 1159 3884; baseline 0.002 -16"><span class='ocrx_word' id='word_1_396' title='bbox 111 3813 160 3870; x_wconf 76' lang='grc'><strong>38.</strong></span> <span class='ocrx_word' id='word_1_397' title='bbox 201 3818 306 3868; x_wconf 81' lang='lat' dir='ltr'><strong>inflexit</strong></span> <span class='ocrx_word' id='word_1_398' title='bbox 324 3820 485 3878; x_wconf 86' lang='lat' dir='ltr'><strong>orationem]</strong></span> <span class='ocrx_word' id='word_1_399' title='bbox 517 3818 588 3869; x_wconf 92' lang='lat' dir='ltr'><strong>0ra-</strong></span> <span class='ocrx_word' id='word_1_400' title='bbox 630 3830 717 3884; x_wconf 85' lang='lat' dir='ltr'><strong>qaam</strong></span> <span class='ocrx_word' id='word_1_401' title='bbox 735 3819 763 3868; x_wconf 79' lang='lat' dir='ltr'><strong>ts</strong></span> <span class='ocrx_word' id='word_1_402' title='bbox 784 3817 898 3882; x_wconf 80' lang='lat' dir='ltr'><strong>primas</strong></span> <span class='ocrx_word' id='word_1_403' title='bbox 919 3821 1078 3872; x_wconf 78' lang='lat' dir='ltr'><strong>inclinasse</strong></span> <span class='ocrx_word' id='word_1_404' title='bbox 1096 3823 1159 3871; x_wconf 84' lang='lat' dir='ltr'><strong>elc-</strong></span> 
     </span>
     <span class='ocr_line' id='line_1_46' title="bbox 54 3883 1159 3955; baseline 0.006 -21"><span class='ocrx_word' id='word_1_405' title='bbox 54 3883 163 3937; x_wconf 65' lang='lat' dir='ltr'><strong>,cionem</strong></span> <span class='ocrx_word' id='word_1_406' title='bbox 176 3898 256 3950; x_wconf 88' lang='lat' dir='ltr'><strong>quam</strong></span> <span class='ocrx_word' id='word_1_407' title='bbox 268 3889 429 3951; x_wconf 86' lang='lat' dir='ltr'><strong>incomptam</strong></span> <span class='ocrx_word' id='word_1_408' title='bbox 441 3888 588 3951; x_wconf 66' lang='lat' dir='ltr'><strong>*antiquitas</strong></span> <span class='ocrx_word' id='word_1_409' title='bbox 631 3887 778 3953; x_wconf 78' lang='lat' dir='ltr'><strong>quantiam</strong></span> <span class='ocrx_word' id='word_1_410' title='bbox 790 3889 901 3938; x_wconf 77' lang='lat' dir='ltr'><strong>dicitnr</strong></span> <span class='ocrx_word' id='word_1_411' title='bbox 908 3922 918 3955; x_wconf 89' lang='lat'><strong>,</strong></span> <span class='ocrx_word' id='word_1_412' title='bbox 936 3891 1062 3940; x_wconf 81' lang='lat' dir='ltr'><strong>maltum</strong></span> <span class='ocrx_word' id='word_1_413' title='bbox 1074 3889 1159 3955; x_wconf 80' lang='lat' dir='ltr'><strong>tape-</strong></span> 
     </span>
     <span class='ocr_line' id='line_1_47' title="bbox 63 3948 1159 4025; baseline 0.005 -21"><span class='ocrx_word' id='word_1_414' title='bbox 63 3948 168 4007; x_wconf 87' lang='lat' dir='ltr'><strong>iccer&#39;at</strong></span> <span class='ocrx_word' id='word_1_415' title='bbox 180 3959 210 4006; x_wconf 89' lang='lat' dir='ltr'><strong>et</strong></span> <span class='ocrx_word' id='word_1_416' title='bbox 220 3964 339 4025; x_wconf 86' lang='lat' dir='ltr'><strong>rectam,</strong></span> <span class='ocrx_word' id='word_1_417' title='bbox 362 3958 510 4022; x_wconf 74' lang='lat' dir='ltr'><strong>figurarum</strong></span> <span class='ocrx_word' id='word_1_418' title='bbox 525 3959 588 4019; x_wconf 61' lang='lat' dir='ltr'><strong>plna</strong></span> <span class='ocrx_word' id='word_1_419' title='bbox 629 3957 673 4006; x_wconf 81' lang='lat' dir='ltr'><strong>nti</strong></span> <span class='ocrx_word' id='word_1_420' title='bbox 687 3958 817 4008; x_wconf 82' lang='lat' dir='ltr'><strong>tabuisse</strong></span> <span class='ocrx_word' id='word_1_421' title='bbox 831 3960 861 4008; x_wconf 90' lang='lat' dir='ltr'><strong>et</strong></span> <span class='ocrx_word' id='word_1_422' title='bbox 874 3959 1033 4024; x_wconf 76' lang='lat' dir='ltr'><strong>facundiam</strong></span> <span class='ocrx_word' id='word_1_423' title='bbox 1046 3959 1159 4025; x_wconf 72' lang='lat' dir='ltr'><strong>fatcor,</strong></span> 
     </span>
     <span class='ocr_line' id='line_1_48' title="bbox 62 4023 1159 4094; baseline 0.008 -22"><span class='ocrx_word' id='word_1_424' title='bbox 62 4023 138 4074; x_wconf 88' lang='lat' dir='ltr'><strong>ribus</strong></span> <span class='ocrx_word' id='word_1_425' title='bbox 151 4025 234 4088; x_wconf 84' lang='lat' dir='ltr'><strong>qnasi</strong></span> <span class='ocrx_word' id='word_1_426' title='bbox 246 4028 359 4076; x_wconf 83' lang='lat' dir='ltr'><strong>nexibus</strong></span> <span class='ocrx_word' id='word_1_427' title='bbox 371 4026 507 4087; x_wconf 76' lang='lat' dir='ltr'><strong>distinxit,</strong></span> <span class='ocrx_word' id='word_1_428' title='bbox 526 4027 588 4088; x_wconf 64' lang='lat' dir='ltr'><strong>qui»</strong></span> <span class='ocrx_word' id='word_1_429' title='bbox 630 4028 677 4077; x_wconf 83' lang='lat' dir='ltr'><strong>cel</strong></span> <span class='ocrx_word' id='word_1_430' title='bbox 691 4027 724 4076; x_wconf 88' lang='lat' dir='ltr'><strong>ob</strong></span> <span class='ocrx_word' id='word_1_431' title='bbox 736 4026 936 4078; x_wconf 82' lang='lat' dir='ltr'><strong>bocmemorla</strong></span> <span class='ocrx_word' id='word_1_432' title='bbox 942 4028 1159 4094; x_wconf 62' lang='lat' dir='ltr'><strong>stipatumque&amp;</strong></span> 
     </span>
     <span class='ocr_line' id='line_1_49' title="bbox 63 4091 1160 4164; baseline 0.005 -21"><span class='ocrx_word' id='word_1_433' title='bbox 63 4091 113 4143; x_wconf 86' lang='lat' dir='ltr'><strong>bos</strong></span> <span class='ocrx_word' id='word_1_434' title='bbox 133 4095 232 4145; x_wconf 80' lang='lat' dir='ltr'><strong>suavis</strong></span> <span class='ocrx_word' id='word_1_435' title='bbox 249 4096 341 4159; x_wconf 79' lang='lat' dir='ltr'><strong>aliqua</strong></span> <span class='ocrx_word' id='word_1_436' title='bbox 356 4095 478 4146; x_wconf 86' lang='lat' dir='ltr'><strong>varietas</strong></span> <span class='ocrx_word' id='word_1_437' title='bbox 496 4096 588 4144; x_wconf 66' lang='lat' dir='ltr'><strong>conci»</strong></span> <span class='ocrx_word' id='word_1_438' title='bbox 629 4095 748 4146; x_wconf 78' lang='lat' dir='ltr'><strong>ultimas</strong></span> <span class='ocrx_word' id='word_1_439' title='bbox 767 4098 812 4147; x_wconf 87' lang='lat' dir='ltr'><strong>est</strong></span> <span class='ocrx_word' id='word_1_440' title='bbox 831 4096 899 4162; x_wconf 68' lang='lat' dir='ltr'><strong>fere</strong></span> <span class='ocrx_word' id='word_1_441' title='bbox 912 4109 950 4146; x_wconf 84' lang='lat' dir='ltr'><strong>ea</strong></span> <span class='ocrx_word' id='word_1_442' title='bbox 964 4095 1090 4164; x_wconf 84' lang='lat' dir='ltr'><strong>Atticis,</strong></span> <span class='ocrx_word' id='word_1_443' title='bbox 1107 4095 1160 4164; x_wconf 83' lang='lat' dir='ltr'><strong>qai</strong></span> 
     </span>
     <span class='ocr_line' id='line_1_50' title="bbox 63 4159 1160 4229; baseline 0.004 -14"><span class='ocrx_word' id='word_1_444' title='bbox 63 4159 186 4215; x_wconf 72' lang='lat' dir='ltr'><strong>latetur.</strong></span> <span class='ocrx_word' id='word_1_445' title='bbox 202 4162 246 4216; x_wconf 82' lang='lat' dir='ltr'><strong>Gi.</strong></span> <span class='ocrx_word' id='word_1_446' title='bbox 258 4166 367 4216; x_wconf 76' lang='lat' dir='ltr'><strong>Ernesti</strong></span> <span class='ocrx_word' id='word_1_447' title='bbox 379 4166 448 4226; x_wconf 73' lang='lat' dir='ltr'><strong>hex.</strong></span> <span class='ocrx_word' id='word_1_448' title='bbox 461 4166 539 4215; x_wconf 80' lang='lat' dir='ltr'><strong>hbet.</strong></span> <span class='ocrx_word' id='word_1_449' title='bbox 558 4178 586 4214; x_wconf 87' lang='lat' dir='ltr'><strong>r.</strong></span> <span class='ocrx_word' id='word_1_450' title='bbox 629 4164 689 4216; x_wconf 78' lang='lat' dir='ltr'><strong>ttici</strong></span> <span class='ocrx_word' id='word_1_451' title='bbox 704 4164 799 4228; x_wconf 84' lang='lat' dir='ltr'><strong>possit</strong></span> <span class='ocrx_word' id='word_1_452' title='bbox 819 4166 939 4216; x_wconf 82' lang='lat' dir='ltr'><strong>orator:</strong></span> <span class='ocrx_word' id='word_1_453' title='bbox 962 4169 1089 4229; x_wconf 85' lang='lat' dir='ltr'><strong>pendens</strong></span> <span class='ocrx_word' id='word_1_454' title='bbox 1108 4168 1160 4220; x_wconf 79' lang='lat' dir='ltr'><strong>lile</strong></span> 
     </span>
    </p>
   </div>
   <div class='ocr_carea' id='block_1_7' title="bbox 0 0 1342 4748">
    <p class='ocr_par' dir='ltr' id='par_1_10' title="bbox 0 0 1342 4748">
     <span class='ocr_line' id='line_1_51' title="bbox 0 0 1342 4748; baseline 0 0"><span class='ocrx_word' id='word_1_455' title='bbox 0 0 1342 4748; x_wconf 95' lang='lat' dir='ltr'><strong> </strong></span> 
     </span>
    </p>
   </div>
  </div>
 </body>
</html>
