2676 4748
538 291 625 386 cap.
645 294 703 372 27.
1124 299 1174 371 01·

81 480 229 555 Graecia
255 481 459 570 magistros,
492 481 528 547 in
556 483 610 550 ais
640 481 708 548 iam
737 479 930 555 adolescens
957 479 1189 572 Diophanem.

80 573 343 659 Mytilenaeum,
378 569 540 641 Graeciae
570 568 780 659 temporibus
803 571 873 639 illis
890 568 1172 643 disertissimum.

80 659 153 731 sed
176 660 210 726 ei
232 660 334 728 breve
353 665 487 745 tempus
509 657 637 743 ingenii
660 656 804 743 augendi
824 668 859 724 et
875 657 1070 725 declarandi
1090 660 1170 733 fuit.

80 751 163 820 105.
192 745 326 830 Gerbo,
356 745 447 834 quod
465 746 535 811 vita
552 769 591 812 su
618 744 801 832 peditent,
829 753 884 811 est
899 747 934 812 in
951 747 1069 813 multis
1081 747 1171 815 1311-

80 838 145 903 3113
167 838 345 924 causisque
375 832 544 919 cognitus.
593 768 681 899 iuno
704 833 763 920 qui
788 832 966 900 audierant
985 834 1171 924 prudentes

80 924 253 1008 homiues,
282 925 319 990 in
339 922 465 1011 quihus
485 918 666 987 familiaris
689 919 862 992 nosterL.
880 921 1032 1005 Gellius,
1059 925 1195 1011 quise
1229 956 1233 977 =

153 1096 215 1152 104.
250 1099 461 1164 Mytilenaeum]
486 1097 695 1161 Mitylenaeum
711 1098 770 1149 311.
782 1099 951 1162 pleraeque..

151 1171 201 1219 sed
216 1168 255 1233 ei]
278 1171 338 1220 lloc
351 1166 480 1229 Lambino
493 1169 620 1217 debetur:
642 1180 705 1217 nam
718 1168 771 1219 secl
784 1168 814 1218 et
830 1170 888 1218 edd.
901 1175 969 1218 vett.

153 1235 214 1289 10⁵.
249 1241 334 1304 3331]
361 1238 457 1305 33331
480 1237 521 1285 ed.
537 1250 578 1298 pr.
618 1235 749 1286 Lambino
774 1239 1001 1298 commendatum
1031 1248 1087 1302 333
1105 1238 1171 1288 311.

117 1309 252 1372 quaedam
263 1317 332 1359 vett.
367 1308 420 1357 Sed
434 1306 632 1371 3331313113
646 1306 795 1366 repositum
810 1315 934 1355 recentes
950 1307 1066 1357 editores
1079 1315 1171 1358 certa-

117 1379 167 1426 tim
186 1375 250 1426 sunt
269 1375 374 1442 secuti,
397 1376 574 1439 probantibus
591 1374 729 1437 Madvigio
748 1376 775 1424 in
793 1377 944 1426 1113331333.
970 1376 994 1426 Ι.
1021 1390 1048 1438 p.
1067 1379 1112 1429 72.
1143 1383 1173 1426 33

118 1446 245 1508 Zumptio
263 1447 291 1497 in
307 1445 417 1496 verrin.
435 1460 462 1506 p.
475 1445 536 1495 891.
571 1444 728 1493 Praecessit
747 1444 818 1493 enim
832 1446 865 1494 de
879 1446 1017 1496 Graccho:
1041 1443 1067 1496 31
1087 1446 1172 1496 breve

117 1517 231 1579 tenipus
248 1515 358 1581 1333311
378 1513 549 1564 declarandi
566 1512 647 1580 suits
674 1524 727 1575 quo
744 1513 873 1564 iudicium
902 1515 970 1564 iliud
991 1514 1024 1562 de
1048 1514 1172 1567 Gariaone

117 1585 253 1649 refertur,
278 1584 340 1650 331,
369 1585 439 1645 3331
460 1582 608 1646 longiorem
630 1582 723 1633 habuit
739 1582 843 1648 vitam,
873 1584 962 1646 magis
978 1590 1021 1632 est
1038 1584 1171 1646 cognitane.

118 1654 189 1704 Nam
200 1654 333 1705 falluntur
355 1654 529 1711 (Ramshorn.
547 1652 640 1701 13313.
658 1666 684 1715 p.
698 1649 776 1712 785.)
799 1653 845 1716 331
854 1660 953 1717 putant
965 1653 1040 1719 33331
1053 1656 1087 1704 33
1101 1655 1172 1705 alte-

118 1722 179 1774 rius
192 1721 456 1790 333313133113333
469 1720 537 1772 nihil
549 1720 667 1773 11113333.

136 1876 317 1941 Diophanem]
348 1874 518 1931 1111311333
535 1874 609 1928 133.
649 1875 695 1928 13
706 1887 761 1929 333
773 1875 859 1927 33133
870 1873 1009 1944 particeps
1022 1884 1097 1927 esset
1105 1877 1174 1928 tiel-

85 1947 137 2015 26,
154 1949 216 1998 100.
379 1987 382 1993 .
650 1946 706 1997 lius
719 1947 893 2012 adolescens,
918 1948 966 1994 sed
980 1947 1098 1996 consulis
1113 1948 1173 2009 ip'se

137 2017 221 2066 breve
245 2016 366 2079 tempus]
403 2014 444 2064 ri.
469 2014 610 2067 Gracchus
651 2015 861 2082 contubernalis,
875 2016 1173 2078 quaemadmodum-sue·
1259 2034 1262 2039 ·

87 2098 149 2135 curn
168 2088 266 2137 3621.
285 2084 468 2151 occideretur,
492 2085 610 2135 nondum
651 2085 718 2136 33311
726 2085 896 2147 imperatoris
905 2086 1173 2137 contubernalisiue-

86 2154 199 2218 triginta
210 2166 296 2206 annos
308 2162 390 2205 natus
405 2160 479 2221 crat,
496 2154 567 2203 eiua.
579 2151 609 2204 0.
652 2163 697 2206 rat
703 2155 834 2218 Agricola
846 2154 1048 2217 (Tacitihgric.
1060 2154 1109 2222 5.),
1116 2157 1174 2206 ’31-

88 2224 207 2274 Gracchi
224 2238 248 2273 c.
263 2226 288 2274 1.
322 2222 408 2274 Cuius
428 2223 610 2274 testimonium
651 2224 881 2288 1331333333333.
900 2223 1031 2283 [Gellium
1039 2224 1067 2273 in
1075 2227 1174 2275 obseu-

87 2295 113 2343 si
128 2294 181 2343 fide
192 2293 301 2357 dignum
314 2298 373 2358 est,
392 2304 462 2343 anno
474 2293 534 2342 iere
548 2293 611 2342 590.
652 2306 686 2345 ra
698 2295 814 2356 quadarn
833 2292 930 2343 militia
950 2287 1070 2355 potuisse
1084 2296 1117 2345 ab
1129 2295 1175 2347 la-

86 2360 181 2423 (164.)
196 2375 257 2413 euna
269 2368 362 2413 uatum
372 2361 461 2411 tuisse
471 2374 611 2423 ponemus.
653 2370 711 2412 tere
719 2362 850 2414 Carbonis
858 2363 975 2425 pendere
983 2375 1033 2410 nec
1043 2371 1175 2427 perneget

143 2428 204 2482 105.
237 2431 297 2481 vita
309 2430 507 2493 suppeditavit]
524 2429 611 2496 (132,
653 2431 795 2495 quisquam
808 2443 859 2478 nec
872 2431 955 2480 133113
971 2430 1051 2479 fidem
1065 2432 1182 2500 fecerit,

26 2506 29 2511 '
88 2496 152 2552 124.
167 2511 232 2549 cum
244 2502 274 2550 et
285 2500 347 2551 vito
357 2498 611 2563 suppeditavisset.
653 2512 715 2548 cunr
726 2499 874 2560 scriptores
883 2500 916 2547 de
928 2498 988 2548 vita
999 2497 1074 2548 civili
1088 2502 1174 2551 horni-

88 2584 116 2619 3.
130 2569 177 2634 70,
190 2566 253 2619 245.
272 2568 319 2618 eei
330 2568 355 2618 31
366 2570 428 2619 cite
442 2567 612 2632 suppedita—
652 2568 695 2618 313
705 2568 773 2617 satis
780 2567 922 2629 diligenter
932 2566 1100 2628 explicantes
1109 2583 1177 2621 cur-

88 2639 192 2690 ciaaet.
225 2638 311 2697 [Satis
323 2637 446 2702 vulgaris
461 2650 553 2693 eorum
567 2643 612 2687 est
653 2636 778 2687 sumeius
785 2636 926 2697 militarem
934 2639 1174 2699 praetermiserint.

88 2705 243 2772 sententia,
260 2707 305 2771 331
317 2706 476 2758 Ruhnkenio
487 2706 516 2756 in
526 2705 611 2757 Rutil.
653 2706 846 2769 sedquoniam
861 2706 942 2757 varia
958 2703 1175 2757 3313133333-
1202 2757 1205 2767 ,

88 2791 116 2842 p.
133 2779 195 2828 117.
224 2782 288 2838 post
306 2776 377 2827 alios
394 2772 542 2838 praeeunte
561 2778 612 2825 hoc
652 2771 834 2826 tubernaiium
853 2774 897 2832 (v.
910 2777 1018 2825 1133333.
1031 2778 1097 2826 Exc.
1110 2779 1182 2830 XV..

88 2847 204 2896 verbum
214 2856 264 2908 pro
278 2856 310 2895 eo
325 2846 396 2909 3331
410 2852 454 2895 333
467 2851 613 2907 suppetere
653 2844 682 2896 in
701 2846 886 2911 Suetonium),
914 2844 1037 2907 suspicor
1057 2847 1176 2898 Gellium

65 2916 208 2981 'positum
219 2915 323 2965 volunt.
344 2914 398 2965 Sed
410 2914 509 2978 prioris
522 2920 612 2974 etna·
654 2913 793 2966 etiamtum
828 2914 956 2964 iuvenem
990 2916 1115 2966 sodalitio
1146 2925 1176 2967 et

88 2986 146 3053 tio,
163 2983 267 3045 copiam
280 2989 308 3033 et
319 2983 481 3035 varietatem
494 2985 613 3044 comple·
654 2985 733 3047 quasi
748 2983 908 3047 discipliuae
921 2983 1066 3035 clarissimi
1083 2994 1176 3037 orato-

67 3080 74 3101 .
90 3068 137 3121 xa,
155 3053 237 3115 paulo
248 3052 332 3103 latius
347 3057 430 3120 patet,
448 3060 476 3102 et
489 3053 613 3113 explica-
654 3053 695 3106 ris
710 3054 829 3104 additum
844 3052 940 3102 tuisse.
982 3054 1177 3113 Qaaintilianunn

51 3169 57 3178 ,
89 3124 128 3176 313
141 3121 614 3186 grammaticanonmagisvimneu-
655 3129 747 3174 autem
765 3133 867 3173 vereor
888 3136 922 3172 ne
941 3121 1065 3173 dictionis
1088 3128 1176 3177 ambi-

89 3194 190 3244 tralem
219 3191 334 3257 requirit
366 3204 448 3254 quarn
478 3191 614 3243 Graecum
656 3192 746 3256 guitas
759 3191 910 3259 deceperit,
935 3193 997 3242 durn
1014 3193 1108 3254 copias
1129 3196 1176 3247 Ci-

89 3259 236 3327 333ρὲ3333,
267 3262 300 3310 13
329 3272 382 3323 333
414 3272 495 3311 secus
518 3259 614 3311 statuit
656 3261 763 3312 ceronsis
781 3269 812 3312 nt
830 3262 900 3310 solet
913 3274 977 3311 3333
989 3262 1095 3314 inrisus
1110 3277 1177 3315 con-

90 3327 446 3392 sathanacenses.
481 3331 540 3380 Nos
562 3341 614 3395 33·
654 3331 747 3381 vertit.
794 3329 920 3381 Ceterum
940 3333 1011 3395 3331
1032 3341 1075 3381 333
1095 3344 1179 3397 33333

90 3398 613 3464 33113333,31333831313333333133.]
654 3401 738 3451 totius
752 3399 956 3460 disputationis:
977 3400 1081 3469 Gerbo,
1099 3419 1178 3468 quem

142 3469 303 3528 InGallius]
322 3469 439 3519 Gellium
452 3478 505 3518 non
517 3469 614 3519 mirum
656 3470 751 3521 Cicero
770 3469 851 3518 toties
866 3470 1112 3532 eloquentissimum
1127 3486 1177 3535 ap-

91 3534 180 3588 iuisse
193 3538 412 3589 contubernalem
420 3538 536 3589 carboni
547 3551 614 3588 con·
654 3540 756 3605 pellat,
780 3538 806 3587 si
826 3546 915 3588 tamen
933 3540 1014 3590 varia
1026 3542 1178 3603 colligimus

82 3606 165 3674 3311,
186 3606 232 3670 331
250 3606 414 3668 Quintiliano
431 3615 502 3657 teste
519 3607 562 3673 X,
584 3607 613 3673 7,
655 3603 772 3673 1311313,
794 3607 966 3658 mediocriter
978 3611 1073 3660 doctus
1086 3613 1137 3661 snit
1150 3620 1178 3662 et

91 3678 138 3728 27.
161 3677 244 3727 etism
261 3675 291 3726 in
312 3677 487 3729 tabernaculo
512 3678 614 3726 soleret
655 3678 845 3740 propemodum
863 3679 999 3728 nullarum
1015 3681 1177 3747 litterarum,

93 3744 135 3796 uti
151 3741 346 3797 exercitatione
365 3746 479 3796 1133311.
518 3748 614 3808 ltaque
655 3748 818 3808 praesertim
844 3760 906 3795 cum
931 3761 982 3797 nec
1009 3750 1178 3811 publicorum

92 3814 206 3866 rotabis
219 3816 323 3867 duobus
334 3814 403 3865 locis
420 3823 549 3868 testatam
562 3825 614 3863 no·
655 3814 837 3866 institutorum
851 3830 938 3879 33333
949 3815 1015 3865 iuris
1024 3819 1116 3866 civilis
1130 3821 1179 3876 (13

92 3884 151 3952 dnn,
172 3886 244 3949 quod
261 3883 435 3948 sperlingius
454 3893 482 3935 et
502 3884 615 3936 Ellend-
657 3885 732 3936 Orat.
755 3887 785 3952 1,
810 3886 867 3944 10.)
899 3898 1000 3948 gnarus
1024 3888 1177 3941 haberetur.

94 3960 140 4005 ius
161 3966 190 4016 p.
203 3955 358 4021 mvii.
380 3955 520 4019 fecerunt,
540 3955 616 4006 We·
656 3956 710 4003 Sed
730 3955 825 4005 calluit
839 3961 929 4004 tamen
941 3957 1100 4016 profluentia
1112 3970 1178 4014 uer-

94 4029 250 4077 steraoanuo
269 4038 297 4087 p.
309 4024 356 4075 88.
378 4031 563 4090 repugnante,
586 4021 616 4073 iu
657 4025 751 4076 borum
761 4023 935 4074 etlenoeiniis
943 4026 1115 4085 popularibus
1127 4029 1179 4087 (13

94 4092 288 4146 dubitationem
301 4093 406 4145 311331.
423 4094 526 4145 Verium
536 4104 616 4156 quana
658 4095 734 4145 Orat.
748 4095 806 4160 111,
825 4096 852 4146 7.
882 4094 959 4143 nael.
973 4092 1031 4152 25.)
1053 4095 1082 4145 13
1095 4110 1178 4147 aures

95 4160 185 4217 limbo
196 4161 319 4232 33333313
330 4160 542 4229 expeditionem,
566 4173 617 4215 cu·
658 4162 794 4217 concionis
815 4161 951 4237 insinuare
958 4173 969 4224 ;
998 4174 1051 4228 quo
1075 4165 1178 4219 lactura
