2676 4748
577 308 810 454 ·''iuiif
1032 367 1034 370 J
1166 318 1269 447 2³⁸.

150 510 342 589 866616616-
351 500 763 599 adamioitiam'semasm
776 500 988 600 contulisset,
1009 534 1111 607 saepe
1124 516 1236 609 egisse

150 628 206 689 nno
226 603 393 686 arbitror,
413 622 581 689 cumeum
594 604 809 674 vehomenter
822 604 995 687 hortarer,
1015 610 1057 671 ut
1069 627 1141 671 eam
1158 608 1236 673 lau-⁶

150 694 206 763 dis
220 694 308 761 viam
322 691 546 760 rectissimam
560 715 637 761 esso
649 690 807 775 duceret,
833 704 934 782 quam
951 691 1094 759 maiores
1112 693 1187 760 eius
1203 690 1237 758 ei

149 785 268 853 tritam
284 779 516 868 reliquissent.
559 783 639 853 282.
668 781 841 849 eratenim
856 778 932 847 inm
945 782 1125 848 institutus
1145 780 1237 871 opti-

151 892 224 951 me,
249 875 322 934 tum
338 869 440 935 ctiam
456 869 606 958 perfecte
620 869 787 974 planeque
803 867 974 952 errsditu03
1006 869 1184 956 ineratque
1199 871 1237 935 et

151 957 322 1044 ingenium
350 957 436 1039 satis
461 978 557 1039 acre,
592 964 628 1022 et
653 956 815 1023 orationis
842 976 915 1024 non·
929 956 1101 1043 inelegans
1119 956 1257 1048 eopia:¹

151 1053 395 1137 praetereaque
418 1043 491 1111 sinc
512 1045 704 1131 arrogantia
727 1042 840 1131 gravis
864 1066 940 1112 6666
966 1041 1165 1127 videbatur,
1196 1047 1238 1129 et

113 1123 116 1145 ¹
153 1134 227 1201 sino
259 1133 403 1218 segnitia
428 1130 648 1202 verecundus.
704 1128 774 1202 Sed
791 1131 879 1201 huno
898 1153 1032 1222 quoque
1059 1128 1239 1199 absorbuit

113 1292 117 1304 ,
154 1228 270 1289 aestus
287 1218 423 1308 quidam
441 1218 537 1308 [nou]
555 1218 713 1287 insolitae
726 1218 997 1288 adolescentibus
1010 1220 1156 1306 gloriae3
1177 1217 1238 1307 qui

153 1310 234 1399 quia
256 1314 396 1375 navarat
417 1309 515 1375 miles
536 1329 673 1397 operam
692 1307 908 1395 imperatori,
932 1309 1169 1398 imperatorem
1198 1325 1238 1374 eo

152 1397 270 1465 statim
292 1417 369 1462 csse
388 1394 565 1485 cupiebat:
598 1397 655 1462 oui
674 1395 808 1462 muneri
822 1416 896 1464 mos
911 1396 1073 1462 maiorum
1091 1401 1238 1462 aetatem

152 1492 301 1565 certam,
330 1489 456 1551 sortem
480 1484 644 1552 incertam
662 1483 815 1573 reliquit.
870 1483 921 1552 ita
946 1483 1148 1573 gravissimo
1175 1494 1240 1557 suo·

221 1676 284 1729 282.
317 1687 379 1727 cum
394 1674 549 1738 institutus]
572 1678 636 1730 tem
650 1675 805 1730 institutes
821 1679 864 1730 ed.
880 1691 923 1742 pr.
1224 1708 1228 1718 ι

221 1756 277 1797 666
299 1743 438 1807 insolitae]
469 1760 529 1804 noa
550 1747 629 1798 deest
643 1748 767 1803 omnibus
783 1749 860 1800 codd.
878 1746 966 1801 etad
983 1759 1026 1811 pr.
1060 1746 1093 1800 ld
1110 1758 1127 1797 o
1144 1741 1206 1796 coni

187 1823 268 1866 61616
290 1815 437 1878 repositum
459 1815 489 1866 16
514 1817 581 1867 Asc.
593 1821 621 1868 2.
643 1818 794 1881 probarunt
820 1819 916 1870 bamb.
944 1817 1044 1883 quique
1064 1829 1126 1867 eum
1149 1810 1240 1865 monti

187 1885 252 1935 suut
274 1884 401 1936 editores.
434 1881 503 1936 (ium
524 1887 590 1952 pior
634 1886 770 1949 duplicem
786 1887 815 1939 iu
830 1888 936 1938 modum
954 1883 1043 1948 accipi
1060 1884 1164 1950 possit,
1191 1880 1242 1934 alii
1284 1914 1290 1933 1

186 1953 356 2012 negationem
370 1955 532 2021 addendam,
550 1956 722 2009 omittendam
735 1955 784 2007 alii
799 1963 935 2021 putarunt.
970 1956 1038 2008 Nam
1052 1954 1099 2018 qui
1113 1953 1242 2006 iactatio-

186 2033 248 2072 nem
266 2025 311 2074 vel
328 2024 499 2076 ambitionem
514 2024 741 2093 interpretantur,
765 2033 842 2076 rccts
858 2023 1029 2090 negationem
1051 2022 1241 2090 restituerunt,

187 2103 250 2144 cnm
265 2094 376 2145 ambitio
392 2107 445 2144 non
461 2093 572 2146 insolite
588 2097 626 2146 sit
642 2095 868 2154 adolescentibus.
902 2094 960 2146 Alii
971 2106 1040 2146 vero
1053 2091 1177 2145 Ciceroni
1191 2095 1242 2142 boo

186 2161 323 2230 tribuunt,
353 2161 484 2214 Crassum
508 2164 598 2216 inisse
620 2165 724 2227 gloriae
741 2164 852 2216 maioris
870 2164 1010 2229 cupidum,
1032 2177 1112 2227 quam
1126 2158 1242 2215 Romani

185 2228 274 2301 viris,
295 2245 349 2284 non
364 2231 580 2284 adolescentibus
597 2235 747 2284 concedere
763 2235 898 2296 solerent,
922 2234 950 2284 id
967 2240 1027 2299 est,
1048 2231 1243 2297 imperatoriae

188 2299 338 2364 dignitatis,
355 2303 390 2350 ad
400 2313 479 2364 66616
493 2301 562 2350 viris
575 2301 676 2353 licebat
688 2315 763 2352 more
773 2300 908 2352 'maiorum
924 2302 1057 2364 aspirare.
1092 2305 1159 2353 Eam
1174 2314 1242 2351 sau-

187 2369 300 2420 ientiam
315 2370 425 2419 ornavit
441 2369 602 2434 Sebiitzins,
624 2371 735 2422 collatis
754 2370 836 2421 stiam
849 2369 945 2418 verbis
968 2370 1014 2420 01.
1029 2383 1055 2431 p.
1069 2369 1133 2431 imp.
1148 2372 1244 2430 Pomp.

190 2438 235 2486 12.
258 2438 305 2489 661
320 2437 490 2487 Mithridates
514 2437 674 2490 insolita
696 2438 864 2492 victoria
886 2436 1147 2506 inflammatos
1170 2437 1241 2488 dici-

190 2510 244 2556 tur.
283 2507 390 2557 bavent
407 2505 549 2574 continua,
578 2507 676 2570 quibus
698 2507 805 2559 additur
828 2505 914 2570 ratio,
943 2520 993 2557 cur
1015 2507 1067 2559 illo
1089 2507 1179 2570 gloria
1195 2507 1242 2558 iu-

190 2573 329 2627 venilibus
353 2575 432 2625 aunis
454 2575 537 2626 fuerit
561 2575 688 2629 insolita:
716 2589 780 2628 nem
795 2575 968 2637 imperatorio
984 2576 1089 2627 muneri
1106 2590 1165 2628 mos
1181 2589 1243 2628 ma·

190 2641 279 2696 iorum
295 2650 399 2696 certam
416 2644 556 2696 constitnit
567 2652 695 2700 66161661.
727 2645 825 2710 166666
834 2645 979 2710 negatione
991 2648 1068 2704 recte
1080 2646 1244 2700 carebimus.

156 2826 237 2866 scens
262 2816 392 2882 equitatui
416 2816 545 2870 06666116
567 2830 593 2871 a.
614 2821 678 2872 686.
729 2859 732 2863 .
770 2826 900 2872 aetatem·
922 2819 1040 2880 6611661]
1079 2818 1243 2871 scottulus:

155 2896 293 2953 praeerat,
309 2890 343 2941 ab
356 2901 440 2952 coque
450 2888 559 2956 Veneti,
574 2888 676 2958 Unelli,
730 2889 849 2956 ,Nempe
862 2885 992 2953 quianon
1006 2889 1067 2941 iere
1081 2890 1243 2942 creabantur

157 2954 205 3005 alii
219 2958 310 3019 populi
323 2958 431 3009 Galliae
444 2957 471 3007 in
486 2958 612 3010 ditionem
626 2970 677 3022 po-
717 2967 896 3023 imperatores
908 2956 963 3008 nisi
974 2959 1101 3010 consules
1115 2967 1163 3010 aut
1176 2970 1243 3010 con·
1322 2986 1324 2991 ,

156 3026 213 3085 puli
231 3027 346 3078 Romani
362 3027 468 3078 redacti
488 3036 560 3078 suut·
594 3027 676 3080 caes.
719 3030 837 3093 solares,
853 3025 1007 3078 consulatui
1021 3034 1111 3080 autern
1124 3030 1243 3092 gerendo

157 3095 279 3154 88611.
302 3096 331 3159 l,
354 3097 398 3147 52.
428 3097 475 3165 11,
495 3094 539 3148 84.
572 3097 632 3158 111,
648 3099 677 3151 7.
720 3097 1244 3161 66161166666166661161661661661-

156 3164 260 3215 Deinde
275 3176 336 3216 cam
352 3166 426 3216 mille
444 3166 577 3230 equitibus
596 3177 678 3217 exer·
719 3168 772 3218 bus
792 3165 953 3230 annalibus3
976 3173 1005 3216 ct
1021 3173 1111 3218 tamen
1125 3179 1184 3217 sors
1198 3168 1243 3217 in-

157 3233 230 3286 citus
244 3233 344 3284 Gallici
358 3237 461 3297 petrem
479 3236 508 3286 in
528 3234 678 3299 expeditio·
720 3244 797 3289 corta
824 3237 899 3301 erat,
926 3235 990 3299 quia
1008 3236 1108 3285 bellum
1134 3237 1243 3301 aliquod

157 3317 192 3356 ne
206 3302 333 3354 Parthica
345 3307 473 3369 secutus,
494 3317 549 3357 una
566 3318 627 3357 cum
644 3315 679 3356 eo
719 3303 876 3368 imperatori
896 3306 1044 3369 gerendum
1062 3317 1138 3355 more
1156 3307 1244 3358 maio-

157 3390 176 3428 6
188 3372 296 3423 Parthis
311 3385 411 3424 caesus
425 3382 467 3424 est
481 3387 508 3426 a.
519 3375 582 3426 701.
604 3374 681 3426 ndo·
720 3386 781 3427 rum
795 3371 935 3424 sortitione
949 3381 977 3423 et
995 3373 1135 3438 6611166116
1151 3362 1247 3438 popuii

156 3447 265 3496 icsceus
288 3441 440 3494 litterarum
464 3443 680 3495 studiosissimus
721 3439 923 3495 deferebatur.“
943 3442 1023 3495 Prius
1036 3445 1183 3496 membrum
1194 3445 1245 3495 illc

156 3511 240 3566 lateri
261 3510 400 3562 ciceronis
420 3519 546 3576 tanquam
565 3506 680 3564 61161166
720 3513 790 3565 bene
806 3509 952 3578 explicuit,
976 3513 1010 3565 de
1029 3514 1118 3568 altero
1136 3514 1245 3565 dabita-

156 3580 462 3646 parentisadbaerebat,
479 3582 680 3646 quioouitetur
722 3583 821 3633 donem
833 3581 897 3632 mibi
907 3591 961 3632 non
973 3583 1080 3634 exemit.
1111 3585 1243 3647 [86616-

158 3664 220 3700 eum
239 3664 274 3699 ex
293 3651 365 3700 omni
389 3652 528 3702 nobilitate
549 3651 680 3704 dilexisse
721 3651 838 3703 habilius
862 3662 930 3703 sanc
957 3650 1066 3704 videtur
1094 3654 1184 3706 exitus
1215 3660 1244 3704 et

157 3722 225 3782 lipp.
237 3718 322 3788 xlii,
342 3721 384 3770 16.
405 3722 467 3770 coll.
481 3723 518 3789 V,
535 3723 562 3773 8.
579 3723 615 3773 66
628 3724 679 3783 Qu.
717 3720 996 3790 ,6666166661161616
1015 3735 1085 3786 quae
1096 3721 1245 3785 imperato-
1267 3760 1269 3767 .

157 3787 207 3842 ur.
222 3788 260 3852 ll,
276 3791 303 3838 9.
321 3791 389 3840 addc
403 3790 474 3839 Plut.
486 3789 582 3842 crassi
599 3805 624 3843 c.
635 3792 679 3842 18.
720 3788 1245 3855 16616166616116166666661616666-

208 3857 339 3920 maiores]
364 3859 431 3910 Cum
449 3860 497 3912 alii
513 3859 607 3926 multi,
623 3867 680 3912 tum
720 3861 787 3927 pulo
805 3861 948 3915 1666116616
970 3861 1172 3927 suscepissent,
1199 3861 1244 3913 in-

158 3927 191 3980 n.
207 3927 329 3978 Licinius
347 3927 464 3979 crassus
482 3936 589 3982 orator:
610 3934 680 3996 quo'-
721 3936 812 3982 certos
825 3936 853 3979 et
864 3929 1003 3994 ambiguos
1016 3928 1179 3994 significari:
1196 3931 1245 3981 bos

158 4009 218 4056 rum
231 3998 302 4048 inira
315 3998 434 4049 meminit
450 3998 477 4060 s.
490 4000 551 4051 282.
720 3999 794 4050 enim
811 3998 931 4051 civitatis
951 3998 1041 4048 studia
1054 3999 1199 4050 virtutibus
1216 4007 1245 4050 et

211 4066 271 4116 282.
302 4068 502 4135 siucseguitia]
519 4067 680 4122 8166661111-
721 4063 848 4120 fortunae
861 4071 960 4120 ducum
977 4067 1147 4120 faustissime
1159 4081 1245 4134 quac·
1284 4107 1286 4111 -

159 4136 215 4187 tatc
230 4136 264 4185 ad
277 4142 419 4205 mendum.
722 4151 774 4205 qus
788 4137 876 4188 'citius
895 4137 1055 4202 augurantis
1066 4149 1147 4202 quam
1162 4149 1245 4201 spon-

202 4201 384 4288 imperotori]
406 4208 529 4265 caesari.
622 4224 624 4228 ·
660 4212 664 4227 ¹
722 4205 976 4285 666661611666616
988 4207 1131 4263 debebant
1159 4207 1246 4263 11166·
