2676 4748
4 405 16 443 i

116 276 173 377 ti
539 273 783 371 saurus.
887 362 891 371 ,

1146 420 1149 449 l

46 532 50 545 ,
125 463 238 539 soniis·
250 469 287 531 et
301 459 578 541 nomineLatino
601 468 721 530 eontra
741 461 929 547 Gracchum
944 462 1104 554 reliquit,
1123 485 1212 545 saue.

125 536 162 647 et
178 538 298 635 bonam
312 557 350 617 et
369 538 530 620 nobilem.
567 540 663 619 ¹'l'nm
676 546 836 621 Attienus:
867 551 960 640 Quid
979 546 1094 640 argui·
1112 562 1208 623 estne

125 640 193 797 ieta
214 638 244 707 F
247 630 365 744 infriii,
381 640 571 792 *nami-varia
587 639 701 745 opinio
716 640 833 745 pueris
847 640 945 727 nohis
959 649 1045 746 erat.
1088 642 1168 749 Alii
1188 665 1216 709 a.
1263 666 1267 671 ·

125 724 1210 907 ,tttilitilttiitiitltillilttltii‘tii‘ttlit

125 903 276 985 nobiles,
290 900 386 993 quoti
430 903 549 992 uisque
570 903 755 993 potuisset,
775 903 812 969 in
824 904 919 970 illam
935 905 1118 972 orationem
1132 927 1211 972 eou-

125 990 262 1077 tulisse.
302 988 381 1061 1'00.
445 1013 499 1057 um
523 990 606 1079 ego,
629 988 761 1059 Audiri
778 988 934 1079 equidem
952 993 1037 1074 ista,
1061 995 1211 1080 inquam,

127 1076 171 1146 de
185 1072 368 1167 maioribus
387 1072 497 1160 r'rattt,¹
510 1079 573 1169 seul
583 1099 755 1169 nunquam
770 1100 846 1146 sum
860 1078 1026 1169 adductus
1042 1085 1081 1145 ut
1094 1080 1211 1147 crede-

126 1158 391 1255 ramsfeamque
417 1166 643 1257 suspicionem
669 1173 811 1256 propter
836 1168 923 1241 hano
944 1189 1080 1249 causam
1108 1167 1211 1237 credo

127 1246 257 1341 fuisse,
285 1252 381 1345 quoti
397 1251 547 1345 Fannius
565 1246 602 1321 in
623 1253 846 1322 mediocribus
866 1256 1059 1325 oratoribus
1073 1255 1212 1325 habitus

128 1338 239 1422 esset,
261 1344 371 1410 oratio
385 1349 496 1408 autem
511 1344 566 1411 vel
581 1343 709 1432 optima
723 1351 815 1408 esset
832 1343 893 1410 illo
909 1343 1046 1431 quidem·
1059 1348 1212 1431 tempore

128 1432 319 1511 orationum
332 1431 491 1499 omnium.
519 1429 603 1507 ,Sed
618 1453 677 1505 uec
693 1429 860 1499 eiusmodi
872 1442 943 1512 est,
963 1440 1003 1498 nt
1021 1432 1211 1519 aplurihus

127 1518 266 1584 confusa
285 1517 442 1586 videatur
462 1517 566 1607 (unns
588 1518 676 1584 enim
690 1539 792 1584 sonus
808 1525 863 1584 est
877 1519 983 1585 totius
999 1520 1162 1587 orationis
1176 1527 1214 1587 et

126 1598 370 1693 ilenietilmp,
390 1605 509 1672 neniis
524 1604 853 1691 Persioreticuisset
868 1606 1057 1687 Gracchus,
1076 1613 1158 1675 'cnm
1178 1613 1215 1674 et

129 1692 342 1794 Fanniuslde
361 1695 515 1771 Menelao
528 1693 725 1762 Maratheno
749 1700 785 1762 et
805 1692 847 1760 de
867 1695 991 1799 ceteris
1014 1694 1215 1765 obiecisset:

149 1846 179 1874 '²⁰
188 1842 328 1918 'sc'itptan
341 1850 418 1915 e'sse]
438 1852 542 1921 Sic'stl.
555 1864 597 1916 pr.
632 1850 694 1905 csse
711 1860 763 1904 orn.
777 1852 844 1903 Asc.

150 1925 153 1929 '
175 1918 271 1996 ''3¹10oe
295 1924 395 1993 optima
405 1918 495 1992 esset]
518 1922 626 1990 optimo
638 1924 684 1973 est
699 1923 742 1972 etl.
753 1933 794 1984 pr.

153 1992 179 2011 ‘·
192 1982 270 2042 'idem
284 1992 380 2053 stilus]
403 1992 449 2045 Sto
463 1993 522 2043 edd.
537 2000 607 2043 vett.
639 1990 716 2042 idem
727 1988 808 2056 filum
823 1988 941 2041 Ernesti.

157 2050 260 2118 '‘³‘''e2pm
280 2056 331 2122 etJ'
350 2062 471 2115 servant
489 2060 614 2129 condiet
628 2059 675 2111 ‘edss
693 2066 735 2122 pr.
768 2061 857 2110 Hand.
878 2060 997 2111 l'ursell.
1015 2060 1044 2111 i'.
1059 2061 1097 2113 11.
1115 2076 1141 2127 p.
1154 2061 1214 2117 512.

152 2118 446 2199 “stipat-'scripserant
462 2131 513 2201 et,
541 2144 601 2182 noo
618 2129 758 2181 violarunt
776 2130 881 2194 optime
899 2129 1049 2182 scitabere
1066 2144 1144 2184 cum
1160 2138 1215 2203 et,

149 2161 204 2259 io
223 2194 309 2257 eccm
343 2201 404 2253 list
419 2201 514 2272 enim,
539 2199 657 2267 fecisset
675 2198 839 2265 Gracchus,
864 2200 940 2266 quoti
958 2200 1033 2250 Mem
1049 2202 1122 2268 fecii
1134 2204 1216 2256 Fon-

164 2256 268 2333 saise
300 2269 329 2323 et
347 2273 497 2337 Gruterus,
520 2269 691 2336 Gronovius,
714 2269 844 2319 orelllus.
879 2271 1042 2331 [Pronomen
1054 2272 1159 2334 quidem
1173 2283 1216 2325 te-

165 2338 264 2406 nuius,
286 2352 366 2404 quam
385 2349 416 2391 ut
434 2340 534 2390 nomini
547 2339 676 2392 Fannius
691 2337 787 2401 opponi
803 2344 893 2401 queat.
927 2339 1055 2389 Praestat
1068 2355 1135 2403 pero
1150 2357 1217 2405 par.

164 2398 275 2460 tlcnIam
289 2411 320 2463 et
335 2421 488 2473 expungere
501 2411 581 2460 toties
597 2408 705 2473 optimis
718 2407 896 2470 scriptoribus
908 2409 1060 2459 obtrusum:
1079 2412 1132 2460 nisi
1145 2415 1216 2465 forte

165 2477 348 2545 defensionem
360 2479 386 2530 ei
401 2479 556 2542 parabimus
569 2479 603 2530 ab
617 2477 786 2542 hyperbato,
809 2490 903 2539 pamm
917 2477 966 2527 illo
983 2477 1143 2551 verisimili,
1167 2484 1217 2534 soti

165 2546 254 2609 ¹nitriis
266 2546 354 2611 copiis
367 2550 401 2599 ab
413 2550 569 2612 Wopkens.
582 2548 671 2597 Lecto.
684 2546 754 2597 'lull
768 2545 797 2611 l,
813 2547 841 2598 7.
860 2549 1013 2608 exornato]

172 2622 175 2628 “
199 2617 325 2670 Menelao
338 2620 510 2679 Maratheno]
533 2618 688 2669 Menelaeo
701 2618 733 2668 ct
743 2615 920 2669 Maratheno
937 2618 978 2666 ed.
992 2630 1035 2681 pr.

82 2770 85 2777 ¹
132 2746 327 2813 sociisiatini
345 2752 459 2805 nominis
479 2754 573 2804 eodem
592 2754 654 2803 loco
696 2752 763 2821 fere
776 2751 1099 2806 nostrorcmtominnm
1110 2757 1219 2810 doctis-

132 2832 184 2885 quo
209 2824 317 2875 civibus
335 2822 466 2874 Romanis
484 2823 529 2874 lus
551 2825 655 2873 Romae
695 2821 795 2871 simois.
830 2822 904 2871 Idem
918 2822 1020 2884 pariter
1032 2837 1065 2874 ec
1077 2828 1110 2877 L.
1122 2830 1219 2879 Aelius

133 2891 478 2957 suffragiiferundiesset,
495 2892 655 2944 velatus·
696 2890 833 2942 orationes
863 2890 928 2941 aliis
954 2893 1076 2944 scrihere
1105 2899 1219 2967 solebat,

132 2960 183 3012 tini
204 2963 297 3012 eodem
315 2960 438 3011 civitatis
454 2961 513 3010 iure
527 2960 655 3023 frueren—
696 2968 780 3023 atque
799 2960 973 3011 doctissimus
991 2962 1145 3019 litterarum
1159 2968 1220 3018 exi.

133 3037 194 3094 tur,
217 3030 337 3081 Fannius
356 3030 452 3080 consul
465 3029 581 3097 restitit,
603 3030 655 3083 lta-³
697 3030 821 3082 mimator
835 3042 898 3080 esse
911 3031 1058 3083 terebatur.

125 3100 242 3161 sinitque
261 3100 425 3166 orationem,
453 3098 498 3149 eui
518 3100 552 3150 tie
572 3100 655 3150 sociis
750 3100 811 3151 100.
846 3099 1138 3165 apluribusconfusa]
1155 3103 1220 3155 Col-

69 3186 73 3207 1
133 3169 291 3220 eonomine
317 3169 415 3221 Latino
442 3164 597 3231 inscripsit:
626 3181 662 3231 v..
697 3169 771 3221 lata:
795 3181 858 3220 nam
872 3169 934 3236 alii,
959 3174 1126 3236 quodsupra
1142 3175 1220 3240 dixit,

134 3238 247 3289 Walter
270 3233 294 3287 1.
316 3253 344 3303 p.
366 3236 427 3289 245.
455 3245 484 3288 et
511 3238 655 3299 sehlpsser
698 3238 808 3291 aiebant
818 3239 917 3288 multos
930 3241 1045 3307 nobiles,
1063 3245 1131 3305 quod
1144 3244 1221 3303 quis-

136 3304 220 3358 Uoto.
241 3306 355 3361 Uetere.
375 3309 403 3359 d.
418 3309 500 3359 alten
517 3307 595 3359 Wett
617 3308 655 3359 11.
699 3320 751 3371 que
771 3307 919 3373 potuisset,
941 3309 1058 3362 inillam
1072 3311 1220 3363 orationem

135 3377 163 3425 2.
179 3388 205 3437 p.
220 3375 279 3426 281.
320 3376 387 3428 llius
409 3378 562 3441 fragmenta
580 3378 656 3428 detli-
698 3377 864 3428 contulisse.
900 3378 998 3438 [Plane
1017 3381 1064 3428 vel
1087 3380 1221 3431 Livianus

134 3455 197 3496 mus
206 3443 235 3493 in
249 3444 335 3495 Oratt.
349 3448 383 3497 R.
395 3448 504 3510 Fragm.
521 3461 548 3511 p.
561 3447 621 3498 110.
698 3459 767 3497 usus
785 3446 966 3515 demonstrat,
992 3449 1091 3499 librum
1106 3449 1222 3500 indicari

190 3510 220 3562 0.
232 3512 341 3573 Persio]
364 3515 405 3566 De
418 3517 493 3568 Orat.
507 3516 549 3583 ll,
566 3520 594 3584 s,
611 3511 658 3568 25.
698 3514 816 3566 diversis
829 3527 863 3565 ex
877 3516 972 3579 opibus
985 3517 1014 3567 in
1026 3531 1107 3568 unum
1117 3530 1223 3582 corpus

136 3577 167 3632 0.
181 3580 309 3632 Lectius
322 3583 404 3634 homo
417 3586 520 3636 doctos
538 3587 569 3637 et
585 3595 658 3651 per·
698 3586 842 3637 deductum
858 3593 886 3636 et
904 3588 1057 3637 conflatum.
1090 3587 1223 3640 Similiter

137 3651 267 3711 orionus
279 3651 377 3703 diem
387 3655 514 3721 solebat„
536 3668 572 3706 ea
584 3666 658 3721 quae
700 3653 800 3725 Graeci
814 3652 983 3722 συγκροτεῖν,
1001 3657 1070 3719 qaod
1087 3655 1222 3719 interpre-

137 3721 281 3773 scriberet
292 3734 383 3787 cepoe
401 3722 435 3773 ct
452 3723 660 3775 indoctissimis
701 3732 744 3775 tes
754 3724 855 3791 Longi,
872 3725 1042 3789 charitonis,
1059 3726 1174 3777 aliorum
1185 3727 1222 3776 il-

137 3803 170 3843 se
180 3791 331 3857 ,occaect
348 3792 519 3844 doctissimis
530 3793 585 3858 icpt
596 3793 659 3843 cet·
700 3795 828 3845 lustrant.
862 3796 936 3862 Nos,
952 3794 1140 3847 cerarieitet.
1168 3798 1222 3847 ilr-

137 3861 183 3929 lc,
213 3860 490 3928 quotidianariis&
513 3860 660 3928 inteilipe-
700 3862 807 3913 nestius
826 3864 933 3926 quidem
953 3866 1023 3927 quod
1043 3866 1181 3929 tentabat,
1206 3878 1223 3918 e

137 3930 225 3999 rent,
248 3931 342 4003 atteri
353 3933 419 3994 ptus
432 3931 562 4001 fortusse
574 3943 660 3996 qnam
700 3931 849 4001 pistrinus,
879 3933 907 3983 ic
927 3946 1005 3984 nemo
1025 3935 1058 3987 de
1077 3935 1223 3999 generibus

137 3999 215 4064 ipsc:
232 4000 388 4067 quostiam
400 3999 538 4065 scripsit.-
563 4001 659 4053 Per·
701 4000 831 4053 orationis
845 4003 1004 4066 intelligat]

138 4068 234 4135 stom
248 4084 322 4141 'torp
338 4070 584 4138 curoleperc.
613 4067 659 4120 late
752 4070 876 4129 ltienelao
886 4072 1059 4133 Maratheno]
1081 4072 1224 4124 Menelaus

138 4132 215 4191 enim
227 4139 307 4213 soti,
317 4141 358 4213 ¹ut
370 4153 518 4211 notamus,
534 4136 661 4213 otpatm
702 4139 876 4213 timuimus
892 4142 943 4205 (ie
957 4143 1099 4212 rimatio,
1114 4141 1225 4208 antiqua
